2990 4966
771 508 811 569 60

297 711 426 788 si'Rex
456 714 622 784 Bonntiae
649 715 776 805 primus
805 714 847 780 ab
875 713 939 782 hoe
967 712 1104 785 foederet
1119 713 1274 784 recedens

299 865 350 936 vel
373 861 796 958 lmperantoem-ltegtnam,
818 860 868 930 vel
883 861 1128 956 Imperatr-icem
1143 864 1277 932 Russise

299 1013 351 1084 vel
372 1015 491 1106 Remp.
512 1011 661 1080 Poloniae
681 1010 793 1078 hostili
813 1007 915 1080 modo
935 1011 1179 1100 aggrederetur,
1198 1015 1277 1101 jms

303 1160 673 1255 imperatricis-Reginae
708 1159 746 1226 in
772 1175 901 1252 partem
934 1159 1062 1230 silesiae
1094 1185 1212 1230 oessem
1243 1181 1278 1232 et

300 1311 342 1392 'in¹
361 1307 503 1378 Glntinm
525 1309 593 1378 vim
612 1307 789 1377 absolutam
805 1327 976 1403 receptura
993 1329 1082 1380 sunt.
1114 1310 1166 1382 td
1183 1310 1277 1381 hune
1303 1306 1306 1312 ’

305 1483 415 1528 casnm
435 1459 565 1528 dustria
587 1477 621 1528 et
639 1459 754 1526 linesia
774 1477 923 1551 paratum
942 1459 1114 1530 habebunt
1131 1485 1282 1555 quaeque

301 1607 481 1674 exereitum
516 1611 625 1678 30000
660 1607 853 1694 hominnm,
884 1625 917 1676 et
945 1607 1087 1699 duplum
1114 1635 1282 1705 eompara-

302 1756 389 1822 hnnt
412 1779 488 1822 casn
510 1754 687 1824 eveniente.
732 1754 853 1842 Regina
879 1755 1060 1842 Hungariae
1081 1759 1225 1852 spondet
1245 1787 1281 1830 se

302 1903 507 1996 Imperatriei
545 1902 677 1970 Russiae
717 1901 896 1972 soluturam
930 1927 1089 1974 summam
1124 1911 1283 1982 2000000

297 2052 505 2126 florenorum
532 2051 786 2138 Rhenanorum,
814 2054 901 2122 intm
926 2079 1068 2144 annum,
1091 2055 1169 2124 inde
1190 2057 1282 2130 adie

303 2197 375 2298 quo
396 2202 540 2274 Silesiam
565 2220 701 2272 neotum
724 2203 841 2290 inerit,
863 2221 902 2274 ut
923 2203 1071 2274 Russiam
1092 2206 1280 2278 indemnem

302 2373 409 2426 servet
438 2355 479 2422 ab
510 2353 659 2446 expensis
696 2351 738 2420 ad
766 2353 877 2422 60000
908 2352 962 2420 illa
984 2353 1125 2420 militnm
1151 2379 1281 2449 eompa-

303 2502 406 2572 rando
416 2503 528 2571 ¹factis.
550 2539 597 2556 -
608 2500 681 2569 Non
693 2501 818 2594 potnit,
839 2501 922 2592 quin
935 2523 975 2568 ex
985 2500 1050 2570 hoe
1064 2484 1202 2570 artieulo
1217 2501 1280 2571 An·

226 2741 231 2756 ⁸
303 2651 399 2720 striae
417 2668 601 2744 praetextus
627 2651 771 2720 oriretur
797 2647 925 2718 Silesiae
949 2648 1175 2719 vindicandae.
1219 2652 1282 2720 lm·

303 2799 485 2874 moderatae
511 2818 619 2868 antem
648 2818 681 2868 et
708 2799 849 2887 injustae
870 2797 948 2866 ideo
968 2796 1123 2868 ridentur
1144 2797 1205 2867 hae
1225 2801 1281 2870 ati-

302 2949 506 3046 pnlationes,
551 2949 644 3043 qnod
681 2949 794 3018 Russin
830 2965 864 3016 et
903 2935 1034 3016 Polonia
1069 2973 1280 3043 nequaquam

302 3099 395 3192 penis
426 3095 614 3166 Dresdensis
644 3099 731 3165 inter
764 3095 927 3163 dustriam
948 3114 982 3165 et
1005 3096 1187 3165 Bornssiam
1209 3116 1284 3192 pan·

302 3247 418 3338 tioipes
449 3245 605 3329 fuissent,
637 3267 701 3312 neo
729 3242 861 3312 Polonia
890 3243 1028 3336 quidem
1049 3269 1126 3314 oum
1147 3247 1278 3316 nustria

306 3412 388 3464 esset
408 3392 584 3463 foedet-sta.

348 3540 515 3612 Articulus
549 3542 779 3612 secretissimus
811 3542 980 3634 spectabat
1006 3541 1160 3626 Regnum
1190 3539 1282 3611 Otto·

300 3694 505 3762 ‘mannicum
568 3715 570 3720 ·

351 3846 424 3912 Rex
460 3839 591 3928 Angliae
624 3837 751 3906 foederi
780 3837 914 3906 demum
943 3839 1076 3908 aooessit
1101 3837 1137 3907 d.
1164 3843 1209 3912 30
1234 3865 1280 3910 m.

310 3993 383 4063 θεῖ.
405 4019 433 4060 a.
464 3992 557 4062 1750.

353 4139 489 4208 Secutae
511 4156 589 4206 sunt
617 4137 843 4224 negotiationes
873 4134 1048 4204 Bredanae.
1095 4136 1142 4203 De
1162 4136 1283 4228 quibus
