2990 4966
693 523 733 587 69

218 704 354 790 Bredam
371 725 539 804 misissent
554 721 622 814 (Ι).
668 724 803 791 Francia
826 723 957 810 Angliae
982 725 1116 793 consilio
1135 705 1198 794 sor*-

216 868 292 936 titer
318 870 503 955 resistente,
529 869 587 936 diu
610 865 808 939 intermissae
832 888 911 968 sunt
933 870 1190 943 deliberationes}
1248 927 1254 939 .

218 1011 328 1086 Mense
360 1020 516 1086 ianuario
542 1013 570 1086 a.
602 1019 683 1088 1747
711 1018 830 1104 legatus
855 1019 1027 1111 Hispaniae
1054 1023 1091 1086 iu
1118 1044 1193 1089 con·

167 1265 174 1276 ἱ
213 1163 359 1251 gressum
390 1165 517 1234 admitti
546 1165 667 1252 voluit,
701 1183 734 1234 ct
762 1161 839 1233 cum
867 1184 1051 1253 arceretur,
1083 1167 1117 1234 d.
1151 1170 1191 1236 16

215 1310 359 1407 denique
383 1340 428 1381 m.
457 1315 550 1384 Mart.
598 1313 731 1402 Anglia,
763 1332 802 1381 ut
837 1313 985 1398 videtur,
1017 1315 1190 1382 suscitante

215 1460 407 1547 declaravit,
429 1487 463 1529 se
486 1463 594 1529 omnia
617 1463 801 1554 improbare
827 1485 910 1553 quae
935 1459 1067 1528 ratione'
1081 1461 1192 1554 llispa-

215 1613 302 1698 niae,
326 1613 484 1704 quamdiu
506 1612 577 1704 ipse
600 1613 740 1696 abesset,
763 1627 991 1678 statuerentur.
1069 1707 1071 1712 Α

263 1757 344 1826 Aula
371 1759 544 1845 Francica,
567 1782 718 1852 persuasa
745 1757 803 1824 has
828 1757 1059 1842 negotiationes
1081 1754 1123 1821 ad
1148 1758 1194 1820 ni-

215 1899 321 1975 hilum
356 1933 519 2002 recasuras
533 1907 536 1914 ’
550 1933 611 1978 nec
645 1928 775 2001 tempus
812 1903 985 1976 inutilibus
1021 1905 1191 2000 colloquiis

216 2074 317 2124 terere
339 2059 497 2148 cupiens,
520 2051 598 2123 belli
622 2056 755 2123 taudem
782 2055 960 2124 Ordinibus
982 2031 1191 2122 Generalibus

214 2202 382 2272 indicendi
411 2203 583 2272 consilium
610 2204 708 2295 cepit.
755 2202 863 2269 Abbas
893 2223 937 2273 ns
966 2223 1009 2268 ts
1037 2222 1132 2270 vttttt
1159 2202 1194 2270 d.

222 2352 259 2420 17
288 2376 333 2420 m.
358 2351 440 2444 Apr.
473 2351 556 2421 1747
587 2352 625 2418 iis
660 2349 907 2452 declarationem
938 2314 1090 2436 tradidit,
1127 2377 1193 2444 qua

213 2498 487 2565 enumerabuntur
500 2484 632 2586 auxilia,
650 2523 734 2591 quae
748 2499 850 2591 Resp.
866 2519 992 2568 ututur
1004 2497 1190 2568 subtusus

214 2645 425 2736 praebuerat,
447 2647 628 2734 refugium,
653 2647 746 2739 quod
764 2649 865 2740 copiis
885 2649 1124 2717 foederatorum
1148 2654 1191 2716 vi-

218 2792 277 2860 ctis
297 2790 388 2884 apud
409 2792 624 2861 Fontanetum
642 2789 864 2886 praestiterat,
886 2796 961 2865 alia:
1010 2798 1195 2868 Lunovtcus

215 2965 293 3010 vero
309 2939 509 3027 declarabat,
528 2965 561 3008 se
580 2935 736 3035 tunquam
755 2943 903 3034 deposita
918 2943 1107 3012 habiturum
1121 2943 1192 3013 loca

216 3108 249 3160 et
267 3090 468 3182 provincias,
492 3113 572 3180 quas
594 3091 698 3156 insui
721 3088 857 3157 salutem
881 3115 1042 3182 occupare
1062 3109 1191 3160 coactus

216 3255 316 3323 esset,
330 3261 432 3330 eaque
451 3238 699 3330 restituturum,
715 3235 812 3304 simul
825 3263 863 3308 ac
878 3239 1064 3308 Provinciae
1077 3240 1193 3308 Unitae

216 3389 287 3476 ejus
311 3385 461 3456 hostibus
486 3384 602 3452 auxilia
628 3385 790 3478 praestare
813 3404 982 3453 cessarent.

263 3532 352 3602 Bello
382 3535 453 3621 jam
487 3533 689 3620 renuntiato,
719 3531 931 3600 nibilominus
962 3535 1049 3604 inter
1074 3533 1190 3621 legatos

235 3853 277 3920 (l)
310 3854 420 3918 legatus
435 3852 558 3917 anglicus
576 3853 664 3918 postea
689 3849 821 3900 cunimsut
843 3851 899 3910 cst,
927 3864 955 3900 se
977 3850 1078 3914 jussum
1100 3848 1194 3911 inisse,

305 3965 363 4001 curu
376 3949 471 4002 Breduc
486 3951 592 4016 dapnes
606 3951 739 4014 ageretur,
755 3947 820 3996 nibil
832 3946 1000 4006 concludere,
1015 3945 1059 3996 ted
1069 3947 1192 4007 ireneus.

306 4047 351 4111 qui
376 4063 463 4114 pacem
493 4052 557 4098 tuuc
582 4047 655 4098 valdo
679 4048 848 4112 mpetratum,
868 4044 1064 4108 quibuscunque
1085 4045 1192 4112 impedi·

307 4144 398 4196 menti·
415 4144 517 4196 notari·
553 4144 611 4196 vat.
630 4157 734 4196 wtsnr.
752 4143 796 4193 XX
813 4159 840 4209 p.
861 4129 933 4193 luc
