2990 4966
674 553 716 620 35
792 600 794 602 ,

204 755 373 838 Hispaniae
394 779 476 848 qnae
494 777 553 846 pet·
576 757 676 825 vitam
695 777 748 824 eos
773 771 811 822 ut
823 719 1063 845 patrimonium
1080 777 1177 826 suunt

202 904 383 988 obtineret,
411 905 631 991 conjungeret.
676 902 753 969 Art.
779 906 811 970 6.

249 1049 441 1118 Secundum
468 1068 529 1118 nrt.
561 1051 581 1118 7
609 1066 745 1142 pactum
769 1047 1057 1120 confoederationis
1078 1051 1177 1123 moni·

204 1201 323 1270 festum
350 1199 585 1286 concludetur,
616 1202 712 1288 enjus
738 1200 919 1292 Imperator
943 1219 1089 1276 elnotus
1113 1199 1174 1266 Vll

202 1351 308 1417 socius
332 1372 399 1416 esse
425 1351 565 1440 poterit,
599 1349 660 1441 qui
686 1365 725 1416 ut
749 1349 899 1434 Regnum
924 1373 1021 1416 suurn
1042 1373 1177 1441 recupe·
1260 1341 1263 1351 ¹

203 1485 309 1580 naret,
341 1519 409 1562 non
441 1512 569 1564 tantum
589 1496 689 1583 Reges
717 1496 903 1581 efficerent,
927 1496 985 1566 sed
1012 1514 1051 1564 nt
1077 1519 1176 1566 nores

205 1645 304 1710 etiam
324 1645 467 1728 regiones
489 1643 741 1712 nancisceretur.
936 1718 938 1731 γ

251 1789 390 1860 Articuli
416 1793 503 1860 8·st
534 1810 633 1880 agunt
665 1791 830 1860 derebus
860 1791 1001 1882 Anglieis
1031 1810 1064 1861 et
1085 1791 1177 1878 Regis

207 1938 361 2008 Francioe
385 1938 518 2006 consilia
541 1941 616 2008 satis
644 1938 809 2007 indicante

253 2086 342 2154 Inter
363 2085 541 2168 foederatos
565 2089 735 2156 conveniet
759 2085 801 2154 de
822 2085 1000 2154 statuendis
1023 2084 1180 2158 conditio·

208 2234 306 2299 nibus
341 2233 464 2326 quibus
492 2234 572 2321 Regi
602 2234 755 2302 Franciae
788 2251 869 2300 esset
902 2231 980 2300 belli
1008 2233 1180 2314 declaratio

208 2381 338 2468 Angliae
360 2381 525 2470 facienda3
552 2381 645 2476 qnod
671 2383 699 2450 si
721 2383 883 2468 eveniret,
906 2382 1040 2452 Francia
1068 2383 1179 2476 primo

208 2530 281 2598 loco
301 2530 523 2600 Gibreltnriam
545 2533 764 2625 expugnabit,
788 2554 895 2624 neque
922 2555 1089 2624 umquam·
1102 2555 1179 2622 eunt

209 2675 323 2763 Angiia
352 2676 398 2742 de‘
427 2701 508 2768 paee
536 2696 628 2764 eget,
659 2703 726 2770 qua
751 2676 806 2744 illa
829 2679 910 2746 urbs
940 2700 1010 2746 non
1026 2671 1181 2747 ‘annena

209 2843 311 2892 retur·

253 2973 324 3040 Rex
348 2968 500 3040 Franciae
528 2971 564 3038 in
591 2970 724 3072 gratiam
747 2971 843 3038 etiam
862 2969 1035 3062 Hispaniae
1060 2967 1182 3042 Minor-

213 3145 285 3190 cam
305 3117 445 3186 insulam
467 3141 661 3212 recuperare
684 3119 865 3188 conabitur.

255 3268 362 3335 Ambo
384 3267 483 3354 Reges
510 3291 576 3334 uns
603 3285 721 3354 cogent
753 3266 872 3356 Anglos
904 3264 946 3336 ad
975 3265 1180 3336 evertendam

210 3441 328 3486 novem
352 3413 510 3484 coloniam
532 3417 692 3505 Georgiae.

255 3563 325 3631 Rex
338 3553 508 3655 Hispaniae
522 3582 727 3636 contractum
741 3565 960 3636 Assientinutn
976 3589 1053 3636 cum
1066 3565 1181 3654 Anglio

212 3733 279 3779 non
300 3713 468 3782 renovabit
491 3713 551 3804 (i).

222 3982 557 3996 —uann——n——a-ss
