2990 4966
681 462 714 528 11

208 665 334 750 diuisa,
367 685 409 734 es
437 687 503 734 nna
525 661 667 736 filiarum
692 685 839 741 »Βίωνι
861 672 1019 758 arigim
1036 672 1183 761 ducens,

204 815 274 900 jun
296 809 415 884 iudea
445 831 549 885 morsa
572 834 694 886 cssosr
718 817 779 902 11,
799 816 891 905 Regis
915 819 1106 913 Hispaniae,
1128 822 1185 894 illc

209 964 284 1050 iure
307 964 359 1033 uti
386 981 558 1056 potuerat,
582 983 740 1058 notoque
761 966 858 1053 magis
885 967 922 1038 id
948 969 1015 1040 hoc
1039 989 1185 1064 tempore

208 1109 271 1180 sibi
288 1107 388 1182 licere
407 1112 628 1199 nutinabet,
651 1137 728 1184 cusu
744 1132 893 1186 mortuns
912 1135 992 1188 esset
1003 1100 1195 1212 Imperator·

212 1275 360 1328 ossotos
373 1257 437 1345 Vl,
457 1257 591 1330 ultimus
605 1258 766 1345 filiorum,
783 1264 878 1356 quie
899 1263 1027 1334 filiabus
1039 1287 1186 1342 smust

214 1405 337 1478 linesi
357 1426 473 1480 essent.

238 1556 414 1628 'Constans
450 1582 580 1651 semper
608 1560 802 1654 Principum
834 1561 1090 1634 Ssbaudicornm
1123 1562 1188 1635 tuis

212 1705 384 1777 eonsilium
401 1705 559 1795 ditionis,
582 1708 641 1778 ubi
659 1708 759 1780 ferret
776 1711 921 1794 oecosio,
943 1709 1182 1783 extendendae:

211 1859 248 1926 in
269 1855 362 1928 bellis
390 1860 614 1950 potentiorum
641 1859 835 1951 Principum
857 1883 985 1952 semper
1008 1859 1094 1932 illius
1115 1882 1188 1954 pst·-

212 2027 260 2078 tes
291 2011 532 2102 sequebantur,
555 2032 656 2102 quens
683 2008 852 2080 fortiorem
882 2028 1072 2097 censerent,
1101 2009 1187 2082 nihil

213 2129 379 2242 ementes,
402 2182 483 2226 nusn
504 2157 567 2224 sibi
586 2158 676 2243 justa
694 2154 837 2226 bellandi
857 2175 939 2228 esset
959 2181 1063 2228 canu.
1107 2159 1188 2243 Qui·

213 2308 369 2392 miretur,
393 2307 512 2394 Regem
534 2304 717 2392 Sardiniae,
752 2323 790 2373 ut
822 2329 880 2372 sua
912 2307 1009 2374 etiem
1039 2304 1141 2398 spolia
1168 2331 1188 2376 e

214 2458 417 2528 successione
443 2455 612 2524 Austriaca
634 2455 793 2539 deferret,
817 2451 987 2547 prodiisse.

258 2595 347 2680 Unus
363 2611 567 2674 renosnrcns
576 2605 623 2690 ΙΙ,
639 2603 714 2672 Rex
723 2604 921 2689 sameas,
937 2603 1104 2673 sanctioni
1116 2603 1188 2673 Pra-

215 2757 367 2842 gmaticne
394 2779 463 2824 non
490 2755 677 2840 resistebat,
710 2753 768 2822 sed
787 2751 999 2822 successionis
1013 2748 1189 2843 qnamdam

213 2923 358 2998 parm,
388 2903 430 2972 tle
455 2930 522 2998 qun
549 2899 961 2996 disponendi'fscultntem
990 2918 1118 2970 ossone
1132 2899 1187 2970 Vi.

215 3050 313 3119 fuisse
339 3051 492 3138 negabat,
515 3053 578 3117 sibi
601 3052 779 3144 repetebat.
824 3050 970 3144 Antiqua
997 3050 1087 3118 enim
1114 3073 1189 3142 pro·

214 3197 338 3268 serebat
359 3201 436 3287 jura
458 3200 493 3267 in
513 3197 639 3268 Silesise
655 3196 797 3268 liueat'us
813 3199 1002 3268 Carnoviem
1020 3196 1188 3291 (legam-

215 3347 347 3440 dorff),
376 3348 560 3435 Lignicium
594 3347 804 3440 (Lieqnitn),
836 3347 971 3437 Bregam
992 3347 1135 3438 (Bneg)
1157 3366 1191 3420 et

215 3493 377 3575 Volaviam
391 3495 452 3586 (W
447 3497 579 3590 ohlau),
594 3515 627 3568 et
639 3496 782 3568 dominia
795 3497 947 3568 Beutken
960 3515 992 3568 et
1008 3496 1189 3590 Oderdsrg,

217 3646 340 3736 quihus
370 3645 534 3716 sutriam
561 3646 762 3716 Mnchionas
792 3643 1051 3733 Brandeburgios
1078 3644 1193 3738 spolia·

217 3797 298 3866 visse
319 3795 520 3868 ostendebat.

261 3947 418 4016 Cornovis
444 3946 553 4032 enim,
585 3945 735 4018 Beuthen
761 3963 794 4014 et
822 3945 1005 4032 Oderberg,
1036 3967 1120 4040 quae
1146 3967 1192 4010 se·

220 4091 293 4164 culo
318 4115 383 4166 xvi.
409 4113 528 4166 emeret
558 4115 737 4180 (stonense,
772 4092 995 4178 Brandeburgi
1023 4091 1191 4176 Mescinio,
