<?xml version="1.0" encoding="UTF-8"?>
<!DOCTYPE html PUBLIC "-//W3C//DTD XHTML 1.0 Transitional//EN"
    "http://www.w3.org/TR/xhtml1/DTD/xhtml1-transitional.dtd">
<html xmlns="http://www.w3.org/1999/xhtml" xml:lang="en" lang="en">
 <head>
  <title>
</title>
<meta http-equiv="Content-Type" content="text/html;charset=utf-8" />
  <meta name='ocr-system' content='tesseract 3.04.00' />
  <meta name='ocr-capabilities' content='ocr_page ocr_carea ocr_par ocr_line ocrx_word'/>
</head>
<body>
  <div class='ocr_page' id='page_1' title='image "./dissertatiopoli00volcgoog_0080.png"; bbox 0 0 2990 4966; ppageno 0'>
   <div class='ocr_carea' id='block_1_1' title="bbox 773 531 814 597">
    <p class='ocr_par' dir='ltr' id='par_1_1' title="bbox 773 531 814 597">
     <span class='ocr_line' id='line_1_1' title="bbox 773 531 814 597; baseline -0.024 0"><span class='ocrx_word' id='word_1_1' title='bbox 773 531 814 597; x_wconf 80' lang='grc'><strong>68</strong></span> 
     </span>
    </p>
   </div>
   <div class='ocr_carea' id='block_1_2' title="bbox 313 733 1289 2763">
    <p class='ocr_par' dir='ltr' id='par_1_2' title="bbox 314 733 1281 980">
     <span class='ocr_line' id='line_1_2' title="bbox 314 733 1279 828; baseline 0.001 -20"><span class='ocrx_word' id='word_1_2' title='bbox 314 733 502 824; x_wconf 81' lang='lat' dir='ltr'>Regnorum</span> <span class='ocrx_word' id='word_1_3' title='bbox 519 734 612 821; x_wconf 82' lang='lat' dir='ltr'><strong>legati</strong></span> <span class='ocrx_word' id='word_1_4' title='bbox 624 737 711 828; x_wconf 80' lang='lat' dir='ltr'><strong>pacis</strong></span> <span class='ocrx_word' id='word_1_5' title='bbox 728 737 894 805; x_wconf 84' lang='lat' dir='ltr'><strong>universae</strong></span> <span class='ocrx_word' id='word_1_6' title='bbox 910 740 1059 807; x_wconf 79' lang='lat' dir='ltr'><strong>sisterent</strong></span> <span class='ocrx_word' id='word_1_7' title='bbox 1075 739 1279 809; x_wconf 87' lang='lat' dir='ltr'><strong>conditiones</strong></span> 
     </span>
     <span class='ocr_line' id='line_1_3' title="bbox 315 887 1281 980; baseline 0.005 -26"><span class='ocrx_word' id='word_1_8' title='bbox 315 911 470 978; x_wconf 89' lang='lat' dir='ltr'><strong>eamque,</strong></span> <span class='ocrx_word' id='word_1_9' title='bbox 492 889 519 952; x_wconf 91' lang='lat' dir='ltr'><strong>si</strong></span> <span class='ocrx_word' id='word_1_10' title='bbox 546 887 639 954; x_wconf 86' lang='lat' dir='ltr'><strong>sociis</strong></span> <span class='ocrx_word' id='word_1_11' title='bbox 665 911 799 979; x_wconf 88' lang='lat' dir='ltr'><strong>quoque</strong></span> <span class='ocrx_word' id='word_1_12' title='bbox 826 887 1010 980; x_wconf 88' lang='lat' dir='ltr'><strong>placerent,</strong></span> <span class='ocrx_word' id='word_1_13' title='bbox 1033 889 1281 959; x_wconf 80' lang='lat' dir='ltr'><strong>concluderent.</strong></span> 
     </span>
    </p>

    <p class='ocr_par' dir='ltr' id='par_1_3' title="bbox 313 1033 1289 2763">
     <span class='ocr_line' id='line_1_4' title="bbox 360 1033 1281 1128; baseline 0.005 -29"><span class='ocrx_word' id='word_1_14' title='bbox 360 1034 521 1102; x_wconf 78' lang='lat' dir='ltr'>Videntur</span> <span class='ocrx_word' id='word_1_15' title='bbox 535 1035 630 1122; x_wconf 74' lang='lat' dir='ltr'><strong>Angli</strong></span> <span class='ocrx_word' id='word_1_16' title='bbox 647 1059 685 1102; x_wconf 89' lang='lat' dir='ltr'><strong>eo</strong></span> <span class='ocrx_word' id='word_1_17' title='bbox 699 1033 852 1128; x_wconf 88' lang='lat' dir='ltr'><strong>perducti</strong></span> <span class='ocrx_word' id='word_1_18' title='bbox 866 1036 979 1124; x_wconf 85' lang='lat' dir='ltr'><strong>fuisse,</strong></span> <span class='ocrx_word' id='word_1_19' title='bbox 996 1035 1087 1128; x_wconf 90' lang='lat' dir='ltr'><strong>quod</strong></span> <span class='ocrx_word' id='word_1_20' title='bbox 1102 1035 1281 1106; x_wconf 77' lang='lat' dir='ltr'>Ordinibus</span> 
     </span>
     <span class='ocr_line' id='line_1_5' title="bbox 316 1181 1282 1277; baseline 0.006 -28"><span class='ocrx_word' id='word_1_21' title='bbox 316 1207 386 1250; x_wconf 90' lang='lat' dir='ltr'><strong>rem</strong></span> <span class='ocrx_word' id='word_1_22' title='bbox 394 1182 645 1274; x_wconf 88' lang='lat' dir='ltr'><strong>pacificatoriam</strong></span> <span class='ocrx_word' id='word_1_23' title='bbox 658 1181 732 1266; x_wconf 73' lang='lat' dir='ltr'><strong>solis</strong></span> <span class='ocrx_word' id='word_1_24' title='bbox 746 1185 956 1252; x_wconf 78' lang='lat' dir='ltr'><strong>tractantibus</strong></span> <span class='ocrx_word' id='word_1_25' title='bbox 971 1209 1038 1252; x_wconf 94' lang='lat' dir='ltr'><strong>non</strong></span> <span class='ocrx_word' id='word_1_26' title='bbox 1056 1185 1193 1277; x_wconf 87' lang='lat' dir='ltr'><strong>amplius</strong></span> <span class='ocrx_word' id='word_1_27' title='bbox 1207 1209 1282 1254; x_wconf 90' lang='lat' dir='ltr'><strong>con·</strong></span> 
     </span>
     <span class='ocr_line' id='line_1_6' title="bbox 318 1330 1284 1425; baseline 0.003 -28"><span class='ocrx_word' id='word_1_28' title='bbox 318 1330 475 1417; x_wconf 87' lang='lat' dir='ltr'><strong>fiderent,</strong></span> <span class='ocrx_word' id='word_1_29' title='bbox 504 1350 537 1398; x_wconf 89' lang='lat' dir='ltr'><strong>et</strong></span> <span class='ocrx_word' id='word_1_30' title='bbox 563 1355 605 1397; x_wconf 92' lang='lat' dir='ltr'><strong>ne</strong></span> <span class='ocrx_word' id='word_1_31' title='bbox 631 1333 782 1401; x_wconf 79' lang='lat' dir='ltr'><strong>Franciae</strong></span> <span class='ocrx_word' id='word_1_32' title='bbox 807 1332 878 1400; x_wconf 90' lang='lat' dir='ltr'><strong>aula</strong></span> <span class='ocrx_word' id='word_1_33' title='bbox 909 1331 971 1400; x_wconf 90' lang='lat' dir='ltr'><strong>illis</strong></span> <span class='ocrx_word' id='word_1_34' title='bbox 999 1332 1224 1425; x_wconf 86' lang='lat' dir='ltr'><strong>persuaderet,</strong></span> <span class='ocrx_word' id='word_1_35' title='bbox 1246 1349 1284 1401; x_wconf 90' lang='lat' dir='ltr'><strong>ut</strong></span> 
     </span>
     <span class='ocr_line' id='line_1_7' title="bbox 319 1439 1284 1573; baseline 0 -25"><span class='ocrx_word' id='word_1_36' title='bbox 319 1479 480 1566; x_wconf 86' lang='lat' dir='ltr'><strong>singulare</strong></span> <span class='ocrx_word' id='word_1_37' title='bbox 501 1479 613 1547; x_wconf 81' lang='lat' dir='ltr'><strong>foedus</strong></span> <span class='ocrx_word' id='word_1_38' title='bbox 629 1482 768 1566; x_wconf 91' lang='lat' dir='ltr'><strong>inirent,</strong></span> <span class='ocrx_word' id='word_1_39' title='bbox 789 1483 954 1549; x_wconf 82' lang='lat' dir='ltr'><strong>timerent:</strong></span> <span class='ocrx_word' id='word_1_40' title='bbox 979 1439 1081 1573; x_wconf 87' lang='lat' dir='ltr'><strong>idque</strong></span> <span class='ocrx_word' id='word_1_41' title='bbox 1099 1481 1173 1549; x_wconf 89' lang='lat' dir='ltr'><strong>satis</strong></span> <span class='ocrx_word' id='word_1_42' title='bbox 1187 1481 1284 1548; x_wconf 90' lang='lat' dir='ltr'><strong>mani·</strong></span> 
     </span>
     <span class='ocr_line' id='line_1_8' title="bbox 318 1630 1285 1724; baseline 0.001 -25"><span class='ocrx_word' id='word_1_43' title='bbox 318 1633 397 1710; x_wconf 83' lang='lat' dir='ltr'><strong>feste</strong></span> <span class='ocrx_word' id='word_1_44' title='bbox 420 1630 610 1699; x_wconf 88' lang='lat' dir='ltr'><strong>iudicabant</strong></span> <span class='ocrx_word' id='word_1_45' title='bbox 632 1633 692 1724; x_wconf 87' lang='lat' dir='ltr'><strong>(l).</strong></span> <span class='ocrx_word' id='word_1_46' title='bbox 737 1632 855 1700; x_wconf 83' lang='lat' dir='ltr'><strong>Franci</strong></span> <span class='ocrx_word' id='word_1_47' title='bbox 877 1656 953 1699; x_wconf 90' lang='lat' dir='ltr'><strong>cum</strong></span> <span class='ocrx_word' id='word_1_48' title='bbox 970 1632 1047 1723; x_wconf 88' lang='lat' dir='ltr'><strong>ipsis</strong></span> <span class='ocrx_word' id='word_1_49' title='bbox 1065 1630 1175 1718; x_wconf 70' lang='lat' dir='ltr'><strong>buglis</strong></span> <span class='ocrx_word' id='word_1_50' title='bbox 1196 1655 1285 1718; x_wconf 83' lang='lat' dir='ltr'><strong>agere</strong></span> 
     </span>
     <span class='ocr_line' id='line_1_9' title="bbox 317 1780 1284 1873; baseline 0.002 -25"><span class='ocrx_word' id='word_1_51' title='bbox 317 1805 387 1848; x_wconf 92' lang='lat' dir='ltr'><strong>non</strong></span> <span class='ocrx_word' id='word_1_52' title='bbox 403 1781 612 1865; x_wconf 82' lang='lat' dir='ltr'><strong>recusabant,</strong></span> <span class='ocrx_word' id='word_1_53' title='bbox 635 1805 675 1847; x_wconf 87' lang='lat' dir='ltr'><strong>ex</strong></span> <span class='ocrx_word' id='word_1_54' title='bbox 699 1804 767 1872; x_wconf 88' lang='lat' dir='ltr'><strong>quo</strong></span> <span class='ocrx_word' id='word_1_55' title='bbox 789 1799 934 1873; x_wconf 89' lang='lat' dir='ltr'><strong>tempore</strong></span> <span class='ocrx_word' id='word_1_56' title='bbox 955 1781 1194 1872; x_wconf 76' lang='lat' dir='ltr'><strong>opinabantur,</strong></span> <span class='ocrx_word' id='word_1_57' title='bbox 1215 1780 1284 1851; x_wconf 89' lang='lat' dir='ltr'><strong>illos</strong></span> 
     </span>
     <span class='ocr_line' id='line_1_10' title="bbox 315 1926 1287 2022; baseline 0.004 -26"><span class='ocrx_word' id='word_1_58' title='bbox 315 1951 430 2021; x_wconf 87' lang='lat' dir='ltr'><strong>pacem</strong></span> <span class='ocrx_word' id='word_1_59' title='bbox 460 1926 539 1996; x_wconf 85' lang='lat' dir='ltr'><strong>velle</strong></span> <span class='ocrx_word' id='word_1_60' title='bbox 546 1957 557 2015; x_wconf 80' lang='lat'>3</span> <span class='ocrx_word' id='word_1_61' title='bbox 595 1953 703 2021; x_wconf 87' lang='lat' dir='ltr'><strong>neque</strong></span> <span class='ocrx_word' id='word_1_62' title='bbox 730 1927 909 1996; x_wconf 81' lang='lat' dir='ltr'><strong>Ordinibus</strong></span> <span class='ocrx_word' id='word_1_63' title='bbox 938 1927 1151 2022; x_wconf 76' lang='lat' dir='ltr'><strong>displicebat,</strong></span> <span class='ocrx_word' id='word_1_64' title='bbox 1180 1931 1287 2000; x_wconf 89' lang='lat' dir='ltr'><strong>aulam</strong></span> 
     </span>
     <span class='ocr_line' id='line_1_11' title="bbox 316 2077 1287 2166; baseline 0.003 -22"><span class='ocrx_word' id='word_1_65' title='bbox 316 2077 483 2165; x_wconf 77' lang='lat' dir='ltr'><strong>Anglicam</strong></span> <span class='ocrx_word' id='word_1_66' title='bbox 499 2102 532 2144; x_wconf 89' lang='lat' dir='ltr'><strong>se</strong></span> <span class='ocrx_word' id='word_1_67' title='bbox 552 2079 821 2164; x_wconf 84' lang='lat' dir='ltr'><strong>negotiationibus</strong></span> <span class='ocrx_word' id='word_1_68' title='bbox 846 2079 1045 2166; x_wconf 80' lang='lat' dir='ltr'><strong>immiscere,</strong></span> <span class='ocrx_word' id='word_1_69' title='bbox 1069 2103 1145 2147; x_wconf 91' lang='lat' dir='ltr'><strong>cum</strong></span> <span class='ocrx_word' id='word_1_70' title='bbox 1162 2078 1287 2147; x_wconf 89' lang='lat' dir='ltr'><strong>nullam</strong></span> 
     </span>
     <span class='ocr_line' id='line_1_12' title="bbox 313 2225 1284 2320; baseline 0.002 -25"><span class='ocrx_word' id='word_1_71' title='bbox 313 2231 354 2296; x_wconf 86' lang='lat' dir='ltr'><strong>ab</strong></span> <span class='ocrx_word' id='word_1_72' title='bbox 368 2225 419 2295; x_wconf 90' lang='lat' dir='ltr'><strong>illa</strong></span> <span class='ocrx_word' id='word_1_73' title='bbox 432 2245 625 2320; x_wconf 89' lang='lat' dir='ltr'><strong>potestatem</strong></span> <span class='ocrx_word' id='word_1_74' title='bbox 640 2229 839 2319; x_wconf 89' lang='lat' dir='ltr'><strong>accepissent</strong></span> <span class='ocrx_word' id='word_1_75' title='bbox 854 2225 1041 2320; x_wconf 87' lang='lat' dir='ltr'><strong>quidquam</strong></span> <span class='ocrx_word' id='word_1_76' title='bbox 1055 2226 1284 2297; x_wconf 80' lang='lat' dir='ltr'><strong>concludendi.</strong></span> 
     </span>
     <span class='ocr_line' id='line_1_13' title="bbox 315 2365 1289 2462; baseline 0.001 -18"><span class='ocrx_word' id='word_1_77' title='bbox 315 2378 402 2444; x_wconf 86' lang='lat' dir='ltr'><strong>Num</strong></span> <span class='ocrx_word' id='word_1_78' title='bbox 424 2365 533 2445; x_wconf 72' lang='lat' dir='ltr'><strong>revera</strong></span> <span class='ocrx_word' id='word_1_79' title='bbox 564 2375 680 2462; x_wconf 72' lang='lat' dir='ltr'><strong>Angli,</strong></span> <span class='ocrx_word' id='word_1_80' title='bbox 705 2401 781 2443; x_wconf 92' lang='lat' dir='ltr'><strong>cum</strong></span> <span class='ocrx_word' id='word_1_81' title='bbox 805 2376 886 2442; x_wconf 90' lang='lat' dir='ltr'><strong>mari</strong></span> <span class='ocrx_word' id='word_1_82' title='bbox 911 2375 1051 2443; x_wconf 90' lang='lat' dir='ltr'><strong>secunda</strong></span> <span class='ocrx_word' id='word_1_83' title='bbox 1073 2374 1203 2443; x_wconf 85' lang='lat' dir='ltr'><strong>fortuna</strong></span> <span class='ocrx_word' id='word_1_84' title='bbox 1224 2375 1289 2445; x_wconf 88' lang='lat' dir='ltr'><strong>bel·</strong></span> 
     </span>
     <span class='ocr_line' id='line_1_14' title="bbox 315 2521 1285 2613; baseline 0 -25"><span class='ocrx_word' id='word_1_85' title='bbox 315 2523 435 2607; x_wconf 90' lang='lat' dir='ltr'><strong>larent,</strong></span> <span class='ocrx_word' id='word_1_86' title='bbox 459 2521 702 2589; x_wconf 88' lang='lat' dir='ltr'><strong>conditionibus</strong></span> <span class='ocrx_word' id='word_1_87' title='bbox 719 2521 791 2588; x_wconf 87' lang='lat' dir='ltr'><strong>huc</strong></span> <span class='ocrx_word' id='word_1_88' title='bbox 810 2543 915 2613; x_wconf 87' lang='lat' dir='ltr'><strong>nsque</strong></span> <span class='ocrx_word' id='word_1_89' title='bbox 934 2521 998 2587; x_wconf 94' lang='lat' dir='ltr'><strong>sibi</strong></span> <span class='ocrx_word' id='word_1_90' title='bbox 1015 2521 1190 2612; x_wconf 88' lang='lat' dir='ltr'><strong>propositis</strong></span> <span class='ocrx_word' id='word_1_91' title='bbox 1209 2544 1285 2588; x_wconf 92' lang='lat' dir='ltr'><strong>con·</strong></span> 
     </span>
     <span class='ocr_line' id='line_1_15' title="bbox 315 2665 1285 2763; baseline -0.003 -24"><span class='ocrx_word' id='word_1_92' title='bbox 315 2674 409 2739; x_wconf 91' lang='lat' dir='ltr'><strong>tinuo</strong></span> <span class='ocrx_word' id='word_1_93' title='bbox 426 2675 597 2762; x_wconf 86' lang='lat' dir='ltr'><strong>scrupulos</strong></span> <span class='ocrx_word' id='word_1_94' title='bbox 612 2670 824 2757; x_wconf 86' lang='lat' dir='ltr'><strong>objecissent,</strong></span> <span class='ocrx_word' id='word_1_95' title='bbox 839 2693 946 2760; x_wconf 89' lang='lat' dir='ltr'><strong>neque</strong></span> <span class='ocrx_word' id='word_1_96' title='bbox 959 2669 1035 2760; x_wconf 90' lang='lat' dir='ltr'><strong>ipsi,</strong></span> <span class='ocrx_word' id='word_1_97' title='bbox 1050 2666 1134 2763; x_wconf 86' lang='lat' dir='ltr'><strong>quid</strong></span> <span class='ocrx_word' id='word_1_98' title='bbox 1149 2665 1285 2754; x_wconf 87' lang='lat' dir='ltr'><strong>vellent,</strong></span> 
     </span>
    </p>
   </div>
   <div class='ocr_carea' id='block_1_3' title="bbox 315 2816 1285 2909">
    <p class='ocr_par' dir='ltr' id='par_1_4' title="bbox 315 2816 1285 2909">
     <span class='ocr_line' id='line_1_16' title="bbox 315 2816 1285 2909; baseline -0.004 -21"><span class='ocrx_word' id='word_1_99' title='bbox 315 2817 400 2888; x_wconf 87' lang='lat' dir='ltr'><strong>clare</strong></span> <span class='ocrx_word' id='word_1_100' title='bbox 427 2820 665 2904; x_wconf 77' lang='lat' dir='ltr'><strong>enuntiassent,</strong></span> <span class='ocrx_word' id='word_1_101' title='bbox 684 2843 797 2909; x_wconf 85' lang='lat' dir='ltr'><strong>pacem</strong></span> <span class='ocrx_word' id='word_1_102' title='bbox 823 2835 1031 2909; x_wconf 87' lang='lat' dir='ltr'><strong>appeterent,</strong></span> <span class='ocrx_word' id='word_1_103' title='bbox 1054 2835 1124 2885; x_wconf 89' lang='lat' dir='ltr'><strong>orta</strong></span> <span class='ocrx_word' id='word_1_104' title='bbox 1152 2835 1201 2886; x_wconf 90' lang='lat' dir='ltr'><strong>est</strong></span> <span class='ocrx_word' id='word_1_105' title='bbox 1227 2816 1285 2884; x_wconf 91' lang='lat' dir='ltr'><strong>dn·</strong></span> 
     </span>
    </p>
   </div>
   <div class='ocr_carea' id='block_1_4' title="bbox 314 2964 1288 3056">
    <p class='ocr_par' dir='ltr' id='par_1_5' title="bbox 314 2964 1288 3056">
     <span class='ocr_line' id='line_1_17' title="bbox 314 2964 1288 3056; baseline -0.003 -23"><span class='ocrx_word' id='word_1_106' title='bbox 314 2968 438 3035; x_wconf 86' lang='lat' dir='ltr'><strong>bitatio.</strong></span> <span class='ocrx_word' id='word_1_107' title='bbox 485 2966 571 3050; x_wconf 75' lang='lat' dir='ltr'><strong>Quae</strong></span> <span class='ocrx_word' id='word_1_108' title='bbox 594 2967 691 3033; x_wconf 87' lang='lat' dir='ltr'><strong>etiam</strong></span> <span class='ocrx_word' id='word_1_109' title='bbox 713 2983 807 3052; x_wconf 81' lang='lat' dir='ltr'><strong>aucta</strong></span> <span class='ocrx_word' id='word_1_110' title='bbox 829 2981 893 3049; x_wconf 86' lang='lat' dir='ltr'><strong>est,</strong></span> <span class='ocrx_word' id='word_1_111' title='bbox 918 2989 994 3031; x_wconf 91' lang='lat' dir='ltr'><strong>cum</strong></span> <span class='ocrx_word' id='word_1_112' title='bbox 1017 2987 1124 3030; x_wconf 89' lang='lat' dir='ltr'><strong>mense</strong></span> <span class='ocrx_word' id='word_1_113' title='bbox 1145 2964 1288 3056; x_wconf 86' lang='lat' dir='ltr'><strong>Septem·</strong></span> 
     </span>
    </p>
   </div>
   <div class='ocr_carea' id='block_1_5' title="bbox 316 3102 1291 3648">
    <p class='ocr_par' dir='ltr' id='par_1_6' title="bbox 316 3102 1291 3648">
     <span class='ocr_line' id='line_1_18' title="bbox 316 3102 1287 3200; baseline 0.002 -20"><span class='ocrx_word' id='word_1_114' title='bbox 316 3116 369 3180; x_wconf 89' lang='lat' dir='ltr'><strong>bri</strong></span> <span class='ocrx_word' id='word_1_115' title='bbox 390 3130 527 3180; x_wconf 85' lang='lat' dir='ltr'><strong>exeunte</strong></span> <span class='ocrx_word' id='word_1_116' title='bbox 554 3113 589 3177; x_wconf 92' lang='lat' dir='ltr'><strong>in</strong></span> <span class='ocrx_word' id='word_1_117' title='bbox 614 3113 730 3178; x_wconf 90' lang='lat' dir='ltr'><strong>urbem</strong></span> <span class='ocrx_word' id='word_1_118' title='bbox 753 3112 898 3178; x_wconf 86' lang='lat' dir='ltr'><strong>Bredam</strong></span> <span class='ocrx_word' id='word_1_119' title='bbox 924 3111 1019 3198; x_wconf 82' lang='lat' dir='ltr'><strong>legati</strong></span> <span class='ocrx_word' id='word_1_120' title='bbox 1043 3102 1287 3200; x_wconf 82' lang='lat' dir='ltr'><strong>convenissent,</strong></span> 
     </span>
     <span class='ocr_line' id='line_1_19' title="bbox 318 3261 1287 3358; baseline 0.004 -28"><span class='ocrx_word' id='word_1_121' title='bbox 318 3281 351 3331; x_wconf 91' lang='lat' dir='ltr'><strong>et</strong></span> <span class='ocrx_word' id='word_1_122' title='bbox 375 3261 528 3348; x_wconf 80' lang='lat' dir='ltr'><strong>Anglicus</strong></span> <span class='ocrx_word' id='word_1_123' title='bbox 546 3262 659 3329; x_wconf 85' lang='lat' dir='ltr'><strong>Comes</strong></span> <span class='ocrx_word' id='word_1_124' title='bbox 683 3280 723 3327; x_wconf 85' lang='lat' dir='ltr'><strong>on</strong></span> <span class='ocrx_word' id='word_1_125' title='bbox 742 3281 913 3329; x_wconf 80' lang='lat' dir='ltr'><strong>sauuwrcu</strong></span> <span class='ocrx_word' id='word_1_126' title='bbox 933 3286 1002 3329; x_wconf 92' lang='lat' dir='ltr'><strong>non</strong></span> <span class='ocrx_word' id='word_1_127' title='bbox 1024 3263 1117 3354; x_wconf 91' lang='lat' dir='ltr'><strong>prius</strong></span> <span class='ocrx_word' id='word_1_128' title='bbox 1142 3264 1182 3331; x_wconf 93' lang='lat' dir='ltr'><strong>de</strong></span> <span class='ocrx_word' id='word_1_129' title='bbox 1205 3289 1287 3358; x_wconf 88' lang='lat' dir='ltr'><strong>pace</strong></span> 
     </span>
     <span class='ocr_line' id='line_1_20' title="bbox 318 3389 1289 3502; baseline -0.002 -25"><span class='ocrx_word' id='word_1_130' title='bbox 318 3410 432 3496; x_wconf 83' lang='lat' dir='ltr'><strong>agendi</strong></span> <span class='ocrx_word' id='word_1_131' title='bbox 452 3409 582 3476; x_wconf 90' lang='lat' dir='ltr'><strong>initium</strong></span> <span class='ocrx_word' id='word_1_132' title='bbox 600 3431 666 3475; x_wconf 87' lang='lat' dir='ltr'><strong>esse</strong></span> <span class='ocrx_word' id='word_1_133' title='bbox 687 3408 873 3476; x_wconf 85' lang='lat' dir='ltr'><strong>laciendum</strong></span> <span class='ocrx_word' id='word_1_134' title='bbox 897 3409 1092 3496; x_wconf 86' lang='lat' dir='ltr'><strong>declararet,</strong></span> <span class='ocrx_word' id='word_1_135' title='bbox 1116 3389 1289 3502; x_wconf 26' lang='lat' dir='ltr'><strong>quamlau·</strong></span> 
     </span>
     <span class='ocr_line' id='line_1_21' title="bbox 319 3555 1291 3648; baseline 0 -24"><span class='ocrx_word' id='word_1_136' title='bbox 319 3557 367 3624; x_wconf 84' lang='lat' dir='ltr'><strong>lae</strong></span> <span class='ocrx_word' id='word_1_137' title='bbox 399 3557 591 3622; x_wconf 80' lang='lat' dir='ltr'><strong>Viennensis</strong></span> <span class='ocrx_word' id='word_1_138' title='bbox 624 3573 663 3643; x_wconf 40' lang='lat' dir='ltr'><strong>,et</strong></span> <span class='ocrx_word' id='word_1_139' title='bbox 693 3555 918 3642; x_wconf 84' lang='lat' dir='ltr'><strong>Taurinensis,</strong></span> <span class='ocrx_word' id='word_1_140' title='bbox 955 3581 1036 3648; x_wconf 85' lang='lat' dir='ltr'><strong>quas</strong></span> <span class='ocrx_word' id='word_1_141' title='bbox 1073 3555 1187 3643; x_wconf 76' lang='lat' dir='ltr'><strong>duglia</strong></span> <span class='ocrx_word' id='word_1_142' title='bbox 1215 3581 1291 3624; x_wconf 90' lang='lat' dir='ltr'><strong>con·</strong></span> 
     </span>
    </p>
   </div>
   <div class='ocr_carea' id='block_1_6' title="bbox 316 3701 1287 3794">
    <p class='ocr_par' dir='ltr' id='par_1_7' title="bbox 316 3701 1287 3794">
     <span class='ocr_line' id='line_1_22' title="bbox 316 3701 1287 3794; baseline -0.002 -21"><span class='ocrx_word' id='word_1_143' title='bbox 316 3729 440 3794; x_wconf 83' lang='lat' dir='ltr'><strong>gressus</strong></span> <span class='ocrx_word' id='word_1_144' title='bbox 459 3701 604 3770; x_wconf 89' lang='lat' dir='ltr'><strong>habendi</strong></span> <span class='ocrx_word' id='word_1_145' title='bbox 626 3703 775 3770; x_wconf 89' lang='lat' dir='ltr'><strong>certiores</strong></span> <span class='ocrx_word' id='word_1_146' title='bbox 796 3703 940 3787; x_wconf 86' lang='lat' dir='ltr'><strong>fecisset,</strong></span> <span class='ocrx_word' id='word_1_147' title='bbox 964 3726 1038 3770; x_wconf 90' lang='lat' dir='ltr'><strong>suos</strong></span> <span class='ocrx_word' id='word_1_148' title='bbox 1057 3704 1152 3771; x_wconf 83' lang='lat' dir='ltr'><strong>etiarn</strong></span> <span class='ocrx_word' id='word_1_149' title='bbox 1172 3703 1287 3790; x_wconf 83' lang='lat' dir='ltr'><strong>legatos</strong></span> 
     </span>
    </p>
   </div>
   <div class='ocr_carea' id='block_1_7' title="bbox 334 3966 1293 4234">
    <p class='ocr_par' dir='ltr' id='par_1_8' title="bbox 334 3966 1293 4234">
     <span class='ocr_line' id='line_1_23' title="bbox 334 3966 1291 4040; baseline 0.003 -18"><span class='ocrx_word' id='word_1_150' title='bbox 334 3972 375 4040; x_wconf 90' lang='lat' dir='ltr'><strong>(l)</strong></span> <span class='ocrx_word' id='word_1_151' title='bbox 409 3973 501 4024; x_wconf 77' lang='lat' dir='ltr'><strong>Parum</strong></span> <span class='ocrx_word' id='word_1_152' title='bbox 525 3984 585 4020; x_wconf 84' lang='lat' dir='ltr'><strong>vero</strong></span> <span class='ocrx_word' id='word_1_153' title='bbox 609 3968 653 4018; x_wconf 76' lang='lat' dir='ltr'><strong>tati</strong></span> <span class='ocrx_word' id='word_1_154' title='bbox 679 3966 834 4020; x_wconf 81' lang='lat' dir='ltr'><strong>diffidentiae</strong></span> <span class='ocrx_word' id='word_1_155' title='bbox 852 3983 928 4018; x_wconf 82' lang='lat' dir='ltr'><strong>cauta</strong></span> <span class='ocrx_word' id='word_1_156' title='bbox 945 3973 1097 4032; x_wconf 34' lang='lat' dir='ltr'><strong>eran-cum</strong></span> <span class='ocrx_word' id='word_1_157' title='bbox 1114 3973 1221 4024; x_wconf 76' lang='lat' dir='ltr'><strong>Ordines</strong></span> <span class='ocrx_word' id='word_1_158' title='bbox 1235 3975 1291 4040; x_wconf 80' lang='lat' dir='ltr'><strong>jam</strong></span> 
     </span>
     <span class='ocr_line' id='line_1_24' title="bbox 403 4066 1293 4138; baseline 0.004 -20"><span class='ocrx_word' id='word_1_159' title='bbox 403 4085 489 4118; x_wconf 76' lang='lat' dir='ltr'><strong>menae</strong></span> <span class='ocrx_word' id='word_1_160' title='bbox 508 4068 578 4117; x_wconf 87' lang='lat' dir='ltr'><strong>Jn&#39;lio</strong></span> <span class='ocrx_word' id='word_1_161' title='bbox 601 4069 695 4132; x_wconf 73' lang='lat' dir='ltr'><strong>Regem</strong></span> <span class='ocrx_word' id='word_1_162' title='bbox 712 4067 819 4136; x_wconf 61' lang='lat' dir='ltr'><strong>duplice</strong></span> <span class='ocrx_word' id='word_1_163' title='bbox 840 4066 990 4132; x_wconf 75' lang='lat' dir='ltr'><strong>petiissent,</strong></span> <span class='ocrx_word' id='word_1_164' title='bbox 1009 4073 1039 4117; x_wconf 82' lang='lat' dir='ltr'><strong>ut</strong></span> <span class='ocrx_word' id='word_1_165' title='bbox 1057 4069 1168 4134; x_wconf 72' lang='lat' dir='ltr'><strong>legatum</strong></span> <span class='ocrx_word' id='word_1_166' title='bbox 1182 4071 1215 4122; x_wconf 85' lang='lat' dir='ltr'><strong>de</strong></span> <span class='ocrx_word' id='word_1_167' title='bbox 1230 4088 1293 4138; x_wconf 81' lang='lat' dir='ltr'><strong>paca</strong></span> 
     </span>
     <span class='ocr_line' id='line_1_25' title="bbox 409 4165 1270 4234; baseline 0.006 -19"><span class='ocrx_word' id='word_1_168' title='bbox 409 4167 433 4215; x_wconf 84' lang='lat' dir='ltr'><strong>in</strong></span> <span class='ocrx_word' id='word_1_169' title='bbox 450 4168 578 4218; x_wconf 73' lang='lat' dir='ltr'><strong>Franciam</strong></span> <span class='ocrx_word' id='word_1_170' title='bbox 594 4167 717 4219; x_wconf 78' lang='lat' dir='ltr'><strong>mitteret.</strong></span> <span class='ocrx_word' id='word_1_171' title='bbox 753 4165 810 4219; x_wconf 81' lang='lat' dir='ltr'><strong>vid.</strong></span> <span class='ocrx_word' id='word_1_172' title='bbox 832 4181 935 4220; x_wconf 73' lang='lat' dir='ltr'><strong>nicar.</strong></span> <span class='ocrx_word' id='word_1_173' title='bbox 955 4167 1008 4218; x_wconf 74' lang='grc' dir='ltr'><strong>Π.</strong></span> <span class='ocrx_word' id='word_1_174' title='bbox 1029 4167 1099 4234; x_wconf 59' lang='lat' dir='ltr'><strong>aaa.</strong></span> <span class='ocrx_word' id='word_1_175' title='bbox 1119 4184 1147 4234; x_wconf 83' lang='lat' dir='ltr'><strong>p.</strong></span> <span class='ocrx_word' id='word_1_176' title='bbox 1165 4169 1209 4222; x_wconf 82' lang='lat' dir='ltr'><strong>tt.</strong></span> <span class='ocrx_word' id='word_1_177' title='bbox 1266 4223 1270 4230; x_wconf 73' lang='grc'><em>,</em></span> 
     </span>
    </p>
   </div>
   <div class='ocr_carea' id='block_1_8' title="bbox 0 0 1505 4966">
    <p class='ocr_par' dir='ltr' id='par_1_9' title="bbox 0 0 1505 4966">
     <span class='ocr_line' id='line_1_26' title="bbox 0 0 1505 4966; baseline 0 0"><span class='ocrx_word' id='word_1_178' title='bbox 0 0 1505 4966; x_wconf 95' lang='lat' dir='ltr'><strong> </strong></span> 
     </span>
    </p>
   </div>
  </div>
 </body>
</html>
