2990 4966
812 495 856 559 96

393 698 530 770 Ultimus
551 701 816 792 protestationem
834 697 909 768 tulit
928 697 1056 768 Elector
1070 695 1231 768 Palatinus
1250 724 1325 770 eou-

349 867 398 916 tra
423 848 561 918 Ordines
585 847 627 916 de
651 846 875 916 Marohionatu
892 845 1014 936 Bergae
1034 845 1075 914 ad
1095 845 1220 916 Zamam
1238 848 1251 936 (
1274 847 1301 936 ).

386 1441 537 1512 Foederie
567 1443 768 1537 exsequendi
800 1467 895 1513 eausa
925 1444 1043 1513 deinde
1067 1463 1245 1514 conventus
1276 1445 1318 1514 de

341 1592 507 1660 territorio
529 1590 657 1679 Belgioo
678 1594 719 1659 ab
742 1591 851 1660 alienis
874 1594 976 1686 copiis
999 1591 1182 1686 linquendo
1204 1595 1323 1688 Aquit-

345 1741 438 1828 grani
465 1738 499 1806 d.
535 1743 578 1807 26
609 1763 654 1805 m.
684 1738 761 1806 Deo.
794 1740 879 1807 1718
905 1757 936 1807 et
962 1739 1129 1808 Bruxellae
1152 1739 1185 1810 d.
1212 1743 1247 1810 ll
1272 1767 1318 1809 m.

337 1888 420 1955 Jnn.
446 1887 549 1960 1749.
571 1884 613 1957 de
630 1885 743 1957 Italico
766 1885 881 1954 Niceae
908 1885 980 1956 d.4
1003 1911 1048 1982 nt.
1070 1889 1147 1958 Deo.
1180 1891 1263 1958 1718
1284 1907 1320 1958 et

338 2033 380 2105 d.
402 2037 443 2104 21
467 2058 513 2101 m.
535 2034 609 2102 Jan.
637 2033 719 2104 1749
746 2034 850 2102 habiti
875 2051 962 2105 sunt.

386 2185 492 2256 Etiam
515 2201 671 2277 tanqum
691 2183 920 2277 supplementa
936 2185 1026 2277 pacis
1041 2185 1310 2289 aquisgraneasis

340 2331 493 2402 habende
524 2349 602 2400 sunt
628 2331 743 2398 foedus
769 2357 798 2399 a.
832 2335 914 2428 1752
935 2333 1022 2410 inter
1042 2333 1309 2424 Imperatrioem·

341 2480 495 2566 Reginam
517 2497 550 2547 et
572 2479 670 2564 Reges
696 2477 865 2570 Hispaniae
887 2497 920 2546 et
943 2477 1107 2548 Sardiniae
1128 2480 1171 2547 ad
1197 2504 1313 2572 paoem

343 2631 379 2695 in
412 2626 502 2695 Italia
527 2625 690 2694 tuendum
717 2626 954 2720 compositum,
988 2645 1021 2694 et
1050 2625 1163 2694 foedus
1195 2623 1312 2694 Medei-

340 2795 455 2846 tanum
476 2801 505 2842 a.
536 2775 637 2861 1759,
660 2775 755 2862 eujus
779 2772 1000 2845 conditionem
1019 2775 1231 2867 praeeipuam
1254 2797 1308 2840 su·

341 2950 405 3020 pra
425 2924 638 2996 indicavimus
662 2923 724 3017 (2).

361 3276 403 3346 (1)
436 3278 493 3330 vta.
510 3278 543 3330 de
558 3279 608 3331 hae
624 3293 653 3333 re
670 3279 776 3349 amplius
794 3295 896 3332 attan.
918 3281 947 3333 7.
965 3281 1010 3332 XX
1026 3281 1046 3334 1.
1065 3298 1089 3332 e.

361 3375 577 3446 mio&
