2990 4966
691 456 711 520 9

197 677 337 729 tractum
359 656 536 751 nuptialem
557 677 685 745 tutte,
709 658 799 752 quod
823 659 913 727 idem
932 663 1104 752 probaret,
1127 682 1171 730 et·

201 806 286 876 tulit.
332 805 397 875 sed
420 805 494 874 'aule
526 805 715 874 Viennensis
746 807 894 893 originali
921 809 1106 890 testamenti¹
1126 809 1172 874 in·

196 971 378 1023 strumento
405 951 601 1045 depromto,
630 955 689 1021 uhi
717 979 781 1046 pro
808 979 887 1026 voce
913 963 1072 1024 musculis
1097 955 1175 1044 lege

197 1118 287 1171 retur
310 1103 478 1192 legitimis,
501 1099 642 1193 exempli
664 1098 765 1170 fidem
785 1103 919 1172 omnino
940 1089 1129 1174 infirmavit.
1240 1122 1242 1128 ’

244 1250 458 1318 Fuuumcus
483 1269 675 1335 incussus,
709 1249 846 1318 Elector
877 1251 1064 1338 Swonwe,
1100 1251 1175 1321 Rex

198 1395 376 1482 Poionioc,
417 1419 554 1464 uxorem
595 1394 734 1465 duxerat
768 1397 869 1466 filium
902 1401 1059 1488 majorem
1093 1419 1172 1469 nutu

199 1550 404 1644 imperatoris
434 1570 585 1636 Josueffl,
620 1569 655 1618 et
688 1551 835 1642 quamvis
867 1553 1045 1638 agnovisset
1080 1552 1175 1621 Suno-

200 1699 319 1790 tionem
341 1699 571 1786 Pragmaticum
595 1696 635 1765 ud
655 1721 792 1790 eumque
811 1697 966 1767 tuendum
987 1722 1022 1765 se
1042 1697 1175 1786 obligas·

200 1867 268 1936 set,
297 1848 450 1916 Franciae
478 1847 738 1936 instigationibus
774 1848 887 1934 cessit,
919 1865 958 1915 ut
983 1847 1053 1939 ipse
1078 1848 1174 1916 etium

199 1999 275 2084 jura
308 1996 417 2064 uxotis
444 1996 480 2062 in
514 1985 637 2082 Regua'
654 1996 819 2064 Austriacu
853 2013 1038 2083 revocatet,
1071 1995 1173 2063 fretus

200 2117 419 2212 instrumento
445 2143 656 2211 successionis
695 2169 724 2209 u.
756 2144 840 2213 1703
868 2144 954 2210 inter
982 2161 1175 2212 teorotoutt

203 2293 434 2386 Imperatorem
446 2310 479 2360 et
489 2289 572 2358 filios
585 2309 753 2359 sosuunun
767 2307 799 2358 et
813 2309 970 2358 etuotun
981 2291 1174 2377 constituto,

200 2466 268 2536 quo
295 2461 430 2510 sosuent
456 2439 539 2508 filice
560 2441 702 2532 potiores
723 2437 851 2507 filiabus
876 2459 996 2508 cteott
1021 2437 1175 2508 succede-

200 2609 284 2660 rent.
328 2592 395 2661 Suo
423 2592 519 2659 etium
545 2592 675 2659 nomine
699 2590 769 2658 Rex
796 2589 944 2658 Poloniae
970 2615 1005 2658 se
1033 2591 1175 2659 Ducatus

150 2797 153 2816 .
204 2749 351 2818 Austriae
372 2765 405 2816 et
427 2748 540 2816 Stiriae
562 2763 675 2837 petere
697 2743 883 2812 declaravit.
929 2742 1175 2830 Contendebat,

200 2897 409 2966 hereditarios
431 2894 501 2964 illos
526 2894 690 2982 Ducutus,
713 2909 843 2960 mortuo
863 2917 893 2960 u.
920 2894 1006 2960 1268
1023 2889 1138 2960 ultimo
1159 2917 1177 2960 e

203 3045 304 3136 stirpe
333 3043 553 3130 Babenbergia
579 3042 670 3111 Duce
698 3041 868 3122 nustriae,
901 3041 996 3129 cujus
1027 3039 1093 3108 filia
1118 3065 1178 3107 nu·

204 3193 320 3286 psisset
342 3210 510 3279 stetero,
533 3190 732 3279 Landgravio
750 3189 1004 3276 Thuringiae,'e
1033 3213 1177 3282 quorum

204 3341 274 3410 tilio
296 3341 366 3409 Rex
388 3363 487 3428 genus
510 3339 666 3426 duceret,
690 3355 805 3406 contra
821 3338 878 3426 jus
897 3354 929 3405 et
951 3336 999 3405 ius
1023 3337 1064 3404 ub
1086 3355 1178 3406 orto-

205 3510 311 3578 ctus,
333 3489 420 3578 Rege
443 3488 635 3572 Bobenia,
659 3504 692 3553 et
714 3482 834 3552 deinde
857 3509 875 3551 a
898 3503 1094 3571 uuootsuo,
1120 3483 1177 3552 Go

203 3639 281 3707 mite
302 3637 504 3724 Habeburgi,
527 3635 624 3702 fuisse
646 3651 834 3726 occupatos.

244 3788 421 3856 Puttlet’us
440 3786 485 3871 V,
515 3783 590 3852 Rex
615 3783 819 3875 Hispaniae,
849 3783 1095 3852 couventionem
1120 3803 1176 3872 op-

201 3937 333 4029 posuit,
357 3961 423 4030 quu
444 3955 615 4003 euntsoos
637 3934 704 4016 ΙΙΙ,
728 3933 796 4000 Rex
822 3933 1013 4024 Hispaniae,
1038 3955 1066 3996 a.
1094 3929 1173 4014 1617

200 4089 254 4173 jus
279 4111 375 4154 suum
397 4088 433 4154 in
455 4061 618 4170 Silesium,
642 4084 834 4168 Moraviem,
859 4081 1020 4148 Lusatiam
1036 4073 1176 4168 eliasque
