2990 4966
803 526 844 586 ot

336 749 411 794 curn
430 747 522 812 aegre
544 725 644 794 ferret
666 699 822 796 continue
842 729 884 796 ab
902 727 1080 799 ordinibus
1107 730 1203 799 sociis
1222 755 1311 825 prae·

328 875 412 944 ‚atari
440 873 567 942 auxilia.
613 875 713 944 Initio
733 877 852 944 mensis
878 875 1029 946 Octobris
1053 875 1186 946 demun
1209 879 1310 948 fidem

334 1019 446 1102 dedit,
471 1023 671 1092 territorium
701 1025 796 1118 Reip.
818 1027 980 1103 aFrancie
994 1051 1062 1097 non
1074 1027 1157 1098 laedi
1170 1028 1260 1116 sore,
1275 1046 1309 1099 et

333 1171 498 1264 scripture
513 1171 638 1266 (priora
652 1176 740 1242 eninr
753 1199 810 1244 ore
824 1195 952 1246 tuntum
965 1195 1100 1246 tractata
1111 1183 1216 1270 erant)
1233 1201 1308 1246 con·

333 1345 477 1410 gressum
506 1321 548 1392 ad
576 1322 834 1418 colloquendum
857 1326 899 1396 de
926 1351 1010 1420 pace
1035 1327 1206 1421 poposcit.
1248 1326 1310 1392 Lu·

333 1473 449 1540 beuter
475 1471 511 1540 id
538 1474 805 1566 approbaverunt
828 1473 985 1560 Ordines,
1014 1492 1065 1560 at,
1087 1492 1126 1542 ut
1153 1474 1255 1542 socios
1268 1471 1311 1556 de

333 1619 395 1686 inc
421 1642 458 1685 re
487 1619 711 1704 consulerent,
733 1638 928 1690 statuerunt.
974 1623 1061 1706 Quae
1085 1645 1163 1690 curn
1186 1619 1309 1692 tardius

329 1785 525 1855 agerentur,
554 1768 648 1836 initio
673 1767 750 1834 anni
791 1771 873 1838 1746
902 1765 975 1834 aula
1004 1769 1160 1836 Francica
1194 1793 1309 1836 rursus

333 1915 511 1987 Ordinibus
538 1935 675 2010 pactum
702 1915 935 2001 neutralitatis,
965 1915 1057 2010 qnod
1080 1919 1151 2006 jam
1180 1919 1311 2011 saepius

331 2071 416 2138 inire
437 2085 680 2156 mutaverant,
703 2067 835 2138 obtulit.
880 2067 945 2138 set
967 2092 1058 2136 nunc
1083 2069 1178 2136 etiam
1196 2067 1309 2139 eadem

332 2238 442 2289 mente
457 2221 689 2308 constiterunt,
704 2236 867 2312 praeterea
881 2219 961 2286 moti
974 2217 1105 2305 Angiiae
1119 2237 1153 2286 et
1162 2218 1307 2286 nustriae

334 2369 596 2454 incitationibus,
615 2393 757 2461 quarum
775 2369 929 2437 intererat
944 2368 1060 2462 liemp.
1075 2370 1207 2460 penitus
1221 2366 1309 2435 bello

332 2513 467 2584 involvi.
513 2515 597 2583 Cum
626 2513 685 2582 alia
712 2516 810 2582 etiam
836 2513 1048 2600 accederent,
1073 2539 1158 2608 quae
1186 2516 1308 2602 Regem

336 2666 486 2736 Franciae
494 2665 594 2752 magis
605 2666 770 2758 magisque
780 2664 945 2733 insensum
954 2663 1132 2733 redderent
1140 2663 1307 2756 retati),

335 2813 493 2901 Ordines,
515 2832 553 2883 ut
572 2814 747 2883 amicitiara
766 2811 957 2882 labefactam
975 2831 1193 2881 restaurarent
1216 2812 1309 2881 etde

332 2988 415 3057 pace
438 2963 645 3056 potissimum
673 2963 822 3030 universa
851 2961 1056 3030 concilianda
1079 2981 1228 3050 agerent,
1253 2964 1310 3030 ite·
1413 3009 1416 3014 -

333 3134 410 3178 rum
430 3111 466 3176 in
486 3109 655 3176 Francicus
677 3110 838 3176 miseruut
861 3110 1017 3177 Comitem
1036 3129 1081 3177 ott
1097 3129 1309 3182 warolmtt.

379 3257 488 3345 Hujus
504 3275 556 3343 et,
577 3257 637 3348 qui
653 3279 729 3324 mox
743 3253 789 3322 illi
805 3254 1002 3324 consiliarius
1015 3258 1166 3342 accessit,
1194 3277 1311 3326 steort

333 3426 447 3478 oum
461 3429 530 3476 nou
548 3430 646 3477 vanae
666 3404 802 3498 quidem
821 3403 957 3473 suerunt
970 3404 1216 3492 negotiationes,
1231 3427 1310 3472 cum

346 3632 653 3644 mnu—..m

352 3775 395 3845 (l)
426 3773 541 3828 Wrarr.
558 3774 602 3824 Π
618 3789 646 3840 p.
663 3773 708 3825 2⁰.
743 3775 852 3841 Propter
868 3789 945 3824 navae
961 3779 1015 3824 tres
1032 3772 1165 3823 francicae
1183 3772 1215 3823 ab
1225 3739 1315 3838 Acriis

425 3879 534 3943 captae,
559 3873 687 3925 Batarirnr
715 3872 806 3923 ductae
834 3872 923 3969 mim
951 3888 1010 3922 cun
1039 3887 1118 3923 onere
1144 3871 1316 3924 Gubernatori

424 3974 555 4030 ludicrum
580 3974 737 4039 Belgicrrurn
762 3971 879 4023 vendita·
907 3973 959 4024 lter
982 3972 1104 4026 Francius
1122 3971 1222 4024 civibur
1240 3973 1314 4039 Reip.

425 4073 573 4134 commoda,
592 4087 688 4137 quaec
715 4069 818 4122 foedere
836 4071 990 4123 mercatorio
1007 4087 1032 4122 a.
1051 4070 1118 4123 1739
1132 4057 1310 4140 perciperent,

423 4171 564 4224 interdixit.
