2990 4966
768 559 809 622 lli

301 783 380 834 erat.
425 762 552 832 Elector
576 761 741 848 Coloniae,
771 766 830 855 qui
860 763 978 832 Unioni
1005 763 1272 837 Franooiurtinae

299 911 451 983 accedere
477 929 697 997 recusaverat,
726 909 761 978 d.
797 915 833 980 ll
864 937 908 979 m.
936 911 1003 981 Jul.
1026 939 1103 984 oum
1130 916 1173 984 Μ.
1204 918 1273 985 Bri·

298 1065 407 1132 tannia
438 1080 470 1129 et
503 1059 681 1130 Ordinibus
713 1078 829 1152 paetus
855 1079 915 1129 est.
961 1061 1090 1150 Majoris
1114 1063 1269 1156 ponderis
1339 1132 1342 1140 ,

296 1209 417 1280 Unioui
451 1209 564 1278 foedus
598 1207 806 1302 quadruplex
836 1212 993 1304 opposuit
1030 1213 1150 1301 Regina
1184 1217 1269 1284 inter

294 1361 418 1451 ipsam,
441 1359 557 1447 Regem
582 1357 730 1435 Poloniae
752 1357 933 1428 dilectorem
953 1363 1125 1452 Senoniae,
1148 1365 1267 1453 Regem

294 1505 339 1574 Μ.
362 1506 546 1574 Britanniae
568 1523 600 1572 et
627 1505 764 1573 Ordines
788 1507 974 1596 Generales,
998 1511 1091 1603 quod
1114 1511 1149 1580 d.
1174 1515 1194 1581 8
1219 1537 1263 1581 m.

293 1653 368 1720 Jan.
398 1679 427 1720 a.
461 1653 544 1721 1745
576 1651 744 1720 Varsoviae
775 1652 959 1745 perfeetum
989 1675 1048 1723 est.
1097 1659 1264 1750 Imprimis

291 1797 369 1885 Regi
389 1795 537 1865 Poloniae
557 1799 621 1865 sibi
640 1799 759 1866 metius
782 1796 998 1870 devinciendo
1022 1801 1177 1872 foederati
1197 1807 1263 1874 slu-
1399 1823 1403 1834 “

291 1944 400 2011 duisse
420 1943 585 2013 videntur.

333 2094 454 2161 Art⁰8
487 2093 556 2160 Rex
585 2091 735 2160 Poloniae
759 2092 930 2165 confirmat
955 2112 988 2162 et
1017 2115 1151 2166 renovat
1186 2097 1262 2168 San·

288 2243 404 2312 ctionis
425 2243 640 2330 Pragmatieae
663 2241 917 2330 fidejussionem.

332 2391 408 2457 brt'
431 2397 451 2456 4
471 2415 505 2458 se
526 2391 635 2492 statim
658 2390 839 2457 exereitum
861 2393 972 2476 30000
995 2389 1167 2459 hominum
1188 2392 1260 2458 mis-

288 2561 403 2605 surum
429 2536 470 2603 ad
498 2535 738 2604 defendendam
759 2535 945 2602 Bobemiam
965 2534 1152 2628 pollicetur.

331 2688 383 2755 dd
417 2687 510 2756 huna
536 2686 719 2754 exereitum
754 2683 1004 2752 sustentandum
1029 2685 1098 2751 Rex
1123 2683 1167 2752 Μ.
1194 2683 1262 2751 Bri·

286 2839 412 2905 tanniae
447 2835 547 2905 solvet
581 2833 783 2920 subsidium,
814 2831 974 2926 quamdiu
1008 2856 1137 2902 neeesse
1172 2833 1253 2918 erit,

281 3010 430 3052 annuum
456 2988 583 3055 100000
604 2995 644 3060 ss.
665 2980 753 3050 sterl.
775 2999 809 3049 et
828 2980 965 3049 Ordines
983 2985 1105 3051 50000.
1125 2981 1202 3048 Art.
1225 2986 1258 3051 5.

327 3130 431 3198 Simul
464 3148 562 3222 atque
595 3155 613 3194 a
644 3129 797 3195 Bohemia
831 3145 866 3195 et
899 3127 1036 3195 Saxonis
1071 3127 1258 3219 perieulum

281 3297 445 3374 remotum
482 3280 561 3364 erit,
596 3275 806 3344 ilex-Edeetor
837 3278 944 3346 10000
973 3273 1116 3342 militum
1135 3277 1259 3343 emittet

265 3399 351 3520 'quo
387 3425 431 3494 Μ.
460 3425 627 3494 Britannia
654 3442 687 3493 et
713 3421 848 3493 Ordines
876 3423 1092 3492 neeessariam
1117 3445 1183 3492 esse
1202 3413 1256 3511 ju·

282 3575 414 3662 dicent,
444 3592 477 3642 et
496 3576 562 3642 suis
589 3575 752 3642 sumtibus
775 3575 965 3661 sustinebit,
989 3597 1058 3666 quo
1081 3597 1159 3643 oasu
1180 3575 1254 3642 sub·

279 3725 400 3794 sidium
424 3729 535 3798 90000
559 3737 598 3804 O·
619 3725 707 3794 sterl.
730 3726 915 3796 solveretur.
939 3725 1016 3794 Art.
1039 3729 1070 3793 6.

323 3874 358 3944 Si
391 3874 549 3944 Electoris
581 3875 780 3942 territorium
806 3875 969 3968 impetum
994 3873 1145 3943 hostilem
1167 3895 1254 3969 pate·

278 4041 387 4112 ratur,
419 4024 574 4095 foederati
606 4023 772 4118 spondent
806 4023 957 4093 seillam
983 4027 1253 4097 tuiturosetilli

280 4170 481 4246 satisfactum
501 4177 559 4262 iri,
584 4171 899 4267 commodorumqua'
917 4201 1000 4268 quae
1016 4202 1042 4246 [e
1068 4176 1154 4246 bello
1176 4201 1252 4244 nan·

1481 4205 1483 4282 l

1480 4379 1482 4468 l
