2990 4966
684 505 730 576 ar
838 471 844 480 ⁸

221 715 492 802 uarix-Regina,
514 711 696 782 bellorum
713 715 879 783 Borusuoe
898 714 985 802 Rege
1000 714 1123 802 soluta,
1146 740 1202 785 usa
1236 697 1257 718 ⁹

228 883 296 950 eat,
321 866 419 935 misso
442 867 478 933 in
500 865 625 934 ltaliam
643 867 789 934 exercitu
813 869 920 936 30000
932 867 1126 952 hominum,
1150 889 1204 934 cu·
1254 912 1261 928 .

224 1008 291 1105 jur
309 1039 497 1110 progressus
528 1016 648 1102 Regem
669 1013 836 1084 Sardiniae
857 1013 899 1082 ad
931 1013 1131 1109 rumpendas
1150 1037 1204 1082 na·

218 1167 417 1253 'gotiationes
438 1182 620 1233 moverunt.

220 1330 223 1336 ’
271 1313 317 1382 Ut
336 1305 460 1392 bellurn
481 1312 709 1380 intestinumr
731 1309 799 1378 filio
822 1311 1064 1381 Praetendentis
1087 1313 1124 1379 iu
1141 1313 1206 1380 ln·

222 1459 289 1548 glia
310 1446 376 1528 tam
397 1457 522 1528 infelici
540 1478 658 1528 eventu
678 1477 821 1546 gestum,
845 1483 923 1528 cum
941 1461 977 1526 in
990 1485 1041 1528 ree
1055 1460 1204 1552 Europae

225 1607 374 1703 politicas
404 1607 527 1710 nullane
557 1608 626 1676 sere
647 1609 715 1676 vim
736 1609 936 1696 exercuerit,
959 1607 1087 1679 silentio
1108 1633 1203 1702 prae·

227 1716 406 1846 teneamus,
429 1759 471 1827 de
489 1757 575 1826 bello
587 1759 624 1825 in
638 1759 753 1826 ceteris
767 1759 917 1850 Europae
930 1760 1078 1850 partibus
1089 1759 1203 1852 paucis

219 1908 408 1976 mundum
440 1925 505 1994 est,
536 1909 579 1974 ab
606 1907 781 1975 Amuiacis
804 1908 840 1974 in
863 1907 952 1975 Italia
975 1908 1109 1976 fortuna
1129 1910 1204 1977 satia

217 2047 507 2147 recordansque
537 2052 577 2120 ad
602 2053 681 2121 belli
704 2055 830 2123 exitum
854 2075 922 2122 esse
940 2073 1143 2148 pugnatum,
1168 2058 1222 2125 in·

113 2255 116 2264 ,
218 2203 338 2292 Belgio
364 2227 441 2273 vero
461 2203 700 2290 adversiasima3
726 2201 819 2295 quod
838 2225 914 2273 vero
934 2203 1028 2272 facile
1054 2229 1206 2298 compen·

227 2355 291 2422 sari
312 2354 552 2446 expugnatione
567 2352 693 2420 Insulae
708 2352 781 2445 Cap
799 2352 945 2439 Brcton,
971 2379 1053 2448 quae
1071 2357 1205 2425 maximi

230 2521 369 2598 propter
402 2489 578 2597 piscatum¹
592 2503 745 2572 momenti
769 2503 963 2590 haberetur,
987 2501 1082 2591 Angli
1105 2502 1210 2574 existi·

231 2665 416 2718 moverunt.

259 2791 447 2869 'Peculiaris
480 2801 663 2888 argumenti
693 2801 865 2871 conventio
901 2825 1010 2870 mense
1044 2803 1152 2898 Aprili
1174 2831 1207 2874 a.

235 2950 319 3020 1746
350 2947 493 3017 llreadae
523 2950 647 3037 signata
673 2968 731 3019 est.
777 2951 861 3028 Cum
895 2951 1025 3022 Elector
1056 2956 1211 3026 Saxoniae

222 3101 356 3192 ‘copias,
388 3057 471 3192 quat
499 3116 623 3192 paratas
654 3099 808 3185 haberet,
832 3098 891 3167 sed
918 3100 960 3168 ad
983 3127 1064 3194 quas
1081 3105 1211 3173 ¹susten·

231 3249 344 3319 tandas
373 3248 463 3318 nulla
494 3250 573 3318 inde
599 3277 617 3318 a
643 3276 724 3343 pace
755 3250 929 3320 Drasdeusi
960 3253 1104 3324 subsidia
1128 3259 1209 3326 acci·

228 3401 336 3500 peret,
360 3404 492 3475 cuidam
517 3406 666 3498 Principi
692 3405 833 3475 vendere
862 3428 1049 3501 quaereret,
1072 3411 1208 3480 Francia

232 3575 400 3643 metuens,
432 3581 475 3624 ne
506 3553 579 3622 illae
612 3553 743 3641 Angliae
774 3555 868 3643 Regis
897 3556 1014 3626 fierent
1038 3556 1213 3652 stipendia·

219 3705 315 3792 ''riae,
346 3705 427 3773 emit
454 3703 694 3774 neutralitatem
716 3702 872 3772 Electoris
890 3729 954 3799 pro
978 3705 1138 3775 solutione
1158 3729 1213 3774 an·

232 3879 316 3940 uua,
338 3879 402 3947 per
423 3873 488 3924 tres
513 3879 633 3942 annos,
655 3851 814 3926 2000000
831 3855 1040 3924 florenorum.

277 3962 426 4088 locutas,
460 4003 551 4097 quod
574 4005 694 4091 Regina
716 4002 895 4092 Hungariae
927 4002 961 4070 d.
999 4005 1038 4072 21
1073 4027 1119 4071 m.
1143 4003 1212 4074 Jul.

232 4149 400 4222 Monachii
428 4176 504 4220 num
532 4152 678 4221 Electore
709 4153 858 4222 Bavariac
886 4149 1063 4241 conclusit,
1085 4151 1211 4224 editum
