2990 4966
717 491 759 556 24

259 694 309 766 rel
332 695 483 764 Franciue
505 694 594 766 dieto
614 695 746 762 audiens
765 714 866 780 esset3
891 697 1027 764 affirmet
1047 714 1224 787 praeterea,

258 869 292 910 se
317 843 507 912 intellexisse
529 843 672 912 oeenltns
700 846 782 912 strui
806 845 1057 913 machinationes
1082 870 1158 912 cum
1183 845 1226 912 Μ.
1322 932 1324 938 s

257 991 348 1060 Duce
367 992 514 1060 Etruriae
540 1017 559 1058 n
581 989 748 1059 cardinale
775 1011 985 1076 nssrrsuur,
1009 993 1069 1084 qui
1093 1009 1224 1084 paratus

260 1159 342 1210 esset
367 1141 519 1208 Freneiee
546 1141 651 1208 socios
679 1138 839 1227 diserere,
869 1141 896 1206 si
924 1140 1051 1208 Austris
1074 1141 1226 1224 Ernnoiee

261 1290 388 1358 eederet
410 1289 675 1374 Lnxemlsurgum
696 1307 728 1356 et
752 1306 879 1381 partem
907 1287 1104 1356 Brabsntiee.
1150 1288 1229 1356 Pace

259 1439 456 1508 Berolinensi
485 1439 604 1524 Regina
631 1439 810 1524 Hungarise
843 1438 921 1526 Regi
950 1437 1132 1522 Bormum,
1158 1439 1231 1526 ejus

258 1585 431 1654 heredibus
451 1603 485 1653 et
510 1585 748 1653 suecessoribus
777 1585 948 1674 utriusque
972 1607 1066 1650 sexus
1095 1581 1230 1652 cedebat

259 1732 402 1802 Silesism
422 1733 623 1824 superiorem
643 1749 675 1799 et
696 1729 902 1818 inferiorem,
926 1733 1113 1798 comitatum
1135 1730 1228 1800 Gletii

257 1899 289 1949 et
309 1881 473 1968 regionem
488 1877 685 1966 Klntselter,
707 1903 790 1971 quse
812 1898 886 1954 aute
908 1879 949 1946 ad
968 1879 1140 1948 Moraviem
1156 1905 1227 1974 per·

256 2027 403 2112 tirohet,
438 2025 502 2092 sibi
537 2027 719 2094 reservabat
757 2025 917 2118 quosdam
953 2028 1158 2120 Principntus
1195 2047 1228 2100 et

258 2177 398 2246 dominia
424 2201 501 2244 eum
532 2171 700 2244 altioribus
732 2193 820 2244 extre
848 2174 992 2244 Silesism
1018 2177 1226 2268 Superiorem

257 2327 440 2412 montibus3
464 2324 534 2392 Rex
555 2325 722 2392 Borussiae
741 2325 898 2416 pecuniae
915 2331 1054 2392 summes
1074 2323 1224 2408 solveret,

258 2498 338 2566 ques
352 2471 449 2558 Angli
467 2489 500 2538 et
514 2468 666 2537 Hollnndi
680 2471 883 2564 hypothecae
899 2470 1049 2560 obligatus
1068 2474 1104 2538 in
1117 2471 1226 2542 Silesiu

256 2622 432 2706 haberent3
456 2619 525 2686 Rex
541 2617 671 2706 Angliee
691 2636 847 2714 unquam
859 2618 988 2690 Elector
999 2621 1223 2707 Hannoverae‚

259 2769 385 2860 Russis,
408 2767 526 2852 Bonis,
550 2766 618 2834 Rex
640 2766 788 2836 Poloniue
808 2786 963 2862 tanquam
984 2769 1114 2840 Elector
1133 2772 1227 2841 Saxo-

260 2921 351 3004 nise,
381 2944 418 2986 ea
450 2917 532 3006 lege,
566 2937 604 2986 ut
637 2920 722 2988 intre
756 2918 898 2990 sedecim
924 2919 992 2989 dies
1021 2925 1129 3015 copies
1155 2948 1226 2992 sues

257 3069 298 3133 nb
323 3066 468 3132 exercitu
488 3065 647 3132 Ereneico
670 3085 830 3158 separaret
854 3086 887 3135 et
914 3093 932 3134 e
956 3069 1110 3136 Bohemia
1130 3070 1226 3138 redu-

257 3233 364 3302 ceret,
387 3213 523 3283 Ordines
548 3215 713 3284 Genereles
733 3236 766 3284 et
786 3215 902 3286 domus
917 3217 1226 3312 Guelpherbytsnus

258 3363 523 3454 (Wolfettluttel)
548 3382 646 3456 pecto
669 3365 1005 3460 comprehenduntur.

302 3512 431 3580 Elector
457 3513 627 3600 Saxoniee,
652 3511 893 3584 conditionibus
916 3520 1053 3610 praeviis
1081 3520 1227 3590 vratisla-

256 3666 324 3732 rise
346 3665 512 3757 probatis,
534 3665 650 3732 eodem
671 3665 724 3733 die
747 3691 816 3759 quo
838 3667 905 3736 Rex
929 3667 1094 3736 Borussiae
1112 3694 1226 3762 pseem

255 3838 331 3880 eum
358 3814 487 3904 Austris
511 3812 659 3880 restituit.

297 3967 367 4034 lloe
389 3968 485 4035 etiam
502 3965 575 4036 loco
595 3987 802 4048 moneamus,
826 3965 945 4052 Regem
964 3967 1094 4055 Angliae
1106 3967 1219 4038 foedus

249 4115 452 4186 vratislsviae
479 4115 696 4204 fidejussisse,
721 4133 752 4184 et
777 4115 1000 4206 promississe,
1022 4141 1055 4184 se
1083 4115 1228 4201 Ordines¹
