2990 4966
765 535 808 598 34

305 741 392 810 citur
410 736 687 831 comprehendere
706 738 834 824 omnis,
858 763 941 830 quae
962 742 1134 811 amborum
1155 744 1276 832 Regno

303 915 379 956 rum
407 886 574 956 commoda
607 905 639 954 et
668 909 875 954 communem
899 885 1120 957 defensionem
1150 911 1274 984 specta·

302 1059 393 1126 rent,
417 1037 587 1131 perpensis
606 1035 790 1103 foederibus
810 1035 975 1127 prioribus
995 1063 1077 1130 quae
1096 1040 1181 1106 inter
1202 1043 1273 1131 ipsa

300 1189 576 1272 intercessissent,
599 1201 631 1252 et
651 1202 749 1276 paeto
767 1182 945 1260 Scorialino
970 1185 1156 1277 (limus-iol)
1179 1186 1213 1254 d.
1229 1191 1270 1256 25
1353 1167 1356 1175 Α

301 1361 346 1403 m.
373 1335 445 1404 Oct.
472 1333 558 1402 17³3
581 1351 738 1424 tanquam
759 1331 974 1401 fundamento
995 1334 1069 1401 niti.

350 1483 425 1554 Tres
453 1484 578 1574 priores
606 1480 736 1548 articuli
760 1481 916 1566 generalia
943 1501 976 1550 et
1007 1483 1141 1576 utrique
1166 1483 1276 1569 Regno

296 1632 488 1699 ¹communia
511 1630 737 1696 constituunt:

343 1778 469 1846 Foedus
498 1778 561 1844 erit
588 1793 786 1868 perpetuum
813 1776 899 1840 inter
925 1775 1021 1840 ambo
1041 1775 1160 1862 Regna.

346 1926 446 2012 Reges
468 1924 532 1991 sibi
554 1924 696 1992 vicissim
715 1947 825 1990 omnes
845 1945 916 1990 suas
935 1923 971 1988 in
988 1923 1120 2016 Huropa
1139 1923 1274 2020 aliisque

302 2073 420 2141 mundi
443 2074 592 2167 partibus
617 2072 833 2165 possessiones
857 2071 1064 2159 fidejubent,

347 2222 389 2291 Et
407 2223 468 2288 sibi
491 2222 692 2314 promittunt
713 2243 747 2287 se
762 2244 850 2288 arma
871 2241 940 2286 non
960 2237 1034 2288 ante
1053 2218 1274 2312 deposituros,

300 2370 464 2464 quemad
491 2370 571 2436 fines
596 2393 670 2436 suos
697 2368 916 2459 pervenerint.

345 2520 523 2612 Sequentes
547 2535 648 2604 agunt
674 2517 837 2582 derebus
864 2512 1002 2582 Italicis:

301 2751 304 2757 Δ
345 2669 415 2736 Rex
452 2668 605 2735 Francius
641 2663 766 2732 bellum
801 2660 942 2732 declaret
977 2661 1056 2747 Regi
1096 2660 1272 2730 Sardiniae.

307 2818 447 2910 Copiae,
469 2817 535 2884 hoc
556 2812 694 2882 articulo
718 2829 936 2896 enumeratae,
962 2827 1073 2877 contra
1096 2807 1277 2878 Sardiniam

302 2965 478 3035 mittendae
510 2966 759 3050 conjunguntur
797 2984 873 3028 cum
905 2959 1070 3044 exercitu,
1107 2959 1162 3025 cui
1188 2956 1273 3026 filius

302 3113 397 3198 Regis
419 3111 608 3202 Hispaniae,
631 3128 822 3192 putemne,
844 3107 996 3198 praeerit.
1040 3106 1117 3173 Ars.
1140 3105 1173 3172 4.

347 3257 439 3325 Idem
464 3258 632 3348 copiarum
658 3275 813 3321 numerus
840 3279 859 3320 a
885 3253 968 3339 Rege
989 3254 1160 3346 Hispaniae
1182 3277 1272 3345 prae·

304 3408 460 3490 stabitur,
493 3423 526 3472 et
554 3405 640 3472 inter
668 3405 827 3472 exercitus
863 3403 1023 3496 Principis
1059 3424 1205 3473 rmum
1239 3422 1272 3472 et

304 3555 403 3624 Ducis
425 3553 569 3621 Mutinae
590 3552 765 3622 dividetur.
809 3554 886 3620 Art.
910 3559 942 3620 5.

300 3741 303 3746 ,
345 3704 414 3771 Rex
437 3703 609 3795 Hispaniae
628 3705 705 3790 jura
727 3727 784 3769 sua
808 3703 845 3768 in
868 3700 1084 3784 Mediolanum
1106 3705 1142 3771 in
1164 3703 1271 3774 filiurn

300 3874 480 3924 rmurrusr
500 3851 667 3932 transfert,
696 3852 757 3943 qui
777 3849 871 3917 illum
893 3849 1055 3918 Ducatum
1074 3853 1269 3944 possideret,

298 4023 339 4072 ut
355 4005 555 4096 possessisset
575 4019 719 4070 csuouus
743 3999 789 4066 vl
810 4016 954 4090 tempore
977 4002 1111 4086 mortis,
1133 4020 1166 4069 et
1192 4025 1270 4070 cum

301 4153 480 4223 Ducatibus
515 4153 645 4220 Parmae
678 4168 711 4219 et
748 4146 951 4234 Placentiae,
988 4168 1115 4220 mortua
1151 4151 1271 4238 Regina
