2990 4966
757 581 801 646 50

299 783 416 884 Resp.,
444 805 574 858 neutras
603 807 710 884 partes
736 789 945 884 relinquens,
968 809 1162 884 praestaret,
1187 815 1270 885 quae

297 955 372 1010 artt.
403 943 444 1026 2,
467 945 486 1010 3
515 943 582 1008 etl
604 938 853 1033 spopondisset,
876 939 997 1010 scilicet
1016 941 1095 1030 Regi
1115 941 1270 1012 Franciae

299 1105 412 1156 mutua
429 1087 520 1156 daret
540 1092 584 1158 36
608 1106 766 1156 tormenta
784 1087 902 1156 bellica
922 1089 1057 1178 (canons
1078 1091 1120 1158 de
1138 1089 1268 1180 dronae)

297 1238 333 1303 in
359 1259 455 1304 omne
483 1254 629 1330 tempus,
653 1261 714 1330 per
745 1235 838 1330 quod
859 1235 984 1304 bellum
1009 1239 1046 1304 in
1072 1235 1160 1306 ltalia
1186 1261 1271 1324 gere·

298 1403 389 1456 retur
413 1389 494 1479 (art.
511 1389 564 1477 2),
587 1388 711 1455 victum
732 1404 764 1453 et
783 1387 904 1480 quibus
923 1384 1011 1453 bello
1032 1386 1174 1474 gerendo
1186 1411 1269 1479 opus

295 1555 379 1605 esset
392 1535 599 1626 (munitione)
618 1535 855 1603 redemtoribus
875 1536 1149 1626 (feumisaeurs)
1167 1536 1268 1603 trium

293 1683 479 1770 Regnorum
504 1699 568 1774 pro
595 1681 794 1749 abundantia
826 1681 965 1769 regionis
995 1707 1070 1749 suae
1096 1683 1268 1774 praeberet

297 1833 376 1921 (art.
401 1834 456 1921 3),
479 1849 511 1899 et
538 1831 687 1923 Principi
718 1850 872 1899 rnutrro
909 1833 1016 1901 10000
1043 1828 1194 1922 peditum
1215 1829 1269 1898 ad·

290 1983 461 2068 jungeret,
493 2004 575 2072 quos
609 1981 675 2047 suis
703 1981 862 2047 sumtibus
890 1980 1063 2046 sustineret
1091 1982 1171 2068 (art.
1208 1979 1261 2070 l):

297 2142 411 2196 contm
431 2127 594 2196 exereitus
611 2129 691 2216 regii
708 2129 793 2213 vias,
816 2129 938 2222 quibus
957 2127 1138 2196 Genuenses
1158 2129 1263 2198 victus

293 2295 377 2345 terra
398 2279 592 2370 importent,
615 2275 729 2344 liberas
750 2279 995 2368 permitterent,
1019 2294 1051 2343 et
1072 2275 1140 2344 Rex
1153 2275 1267 2369 Hispa·

290 2427 368 2520 niae
394 2426 578 2492 subsidium
614 2443 819 2492 menstruum
854 2410 946 2516 Reip.
985 2424 1121 2494 solveret
1153 2430 1264 2497 30000

288 2595 460 2640 aureorum
483 2571 674 2664 (piastres).

333 2721 432 2808 Reges
460 2719 631 2814 Hispaniae
654 2739 687 2788 et
712 2718 859 2814 Neapolis
885 2718 1051 2813 spondent
1073 2743 1107 2786 se
1131 2719 1201 2788 loca
1232 2738 1265 2788 et

289 2869 451 2938 territoria
480 2869 639 2937 nonnulla
669 2871 743 2958 jure
777 2870 818 2938 ad
848 2871 964 2962 Remp.
992 2872 1190 2964 pertinentia
1215 2897 1267 2939 ex·

289 3038 489 3108 pugnaturos
511 3022 608 3112 eique
631 3019 818 3088 tradituros.
862 3021 939 3087 Art.
964 3022 995 3089 7.

336 3165 405 3233 Rex
423 3167 568 3258 Neapolis
589 3167 734 3236 tuebitur
755 3167 935 3259 privilegia,
960 3169 1082 3259 quibus
1106 3167 1264 3256 gaudebat

292 3313 389 3406 Resp.
408 3313 534 3381 Genuac
555 3315 695 3407 ejusque
718 3315 800 3384 cives
822 3316 858 3380 in
881 3333 1021 3406 utraque
1037 3313 1160 3400 Sicilia,
1185 3341 1262 3382 cum

294 3459 441 3550 Regnum
464 3441 653 3554 capesseret.
698 3468 779 3533 Ara.
805 3468 838 3534 9.

341 3587 430 3678 latu·
459 3612 494 3680 ll
528 3611 734 3698 obligationes
762 3615 893 3699 statuit,
924 3613 1046 3704 quibus
1079 3627 1267 3681 tenerentur

295 3763 418 3850 navigia
431 3762 619 3828 mercatoria
634 3761 806 3849 Francica,
820 3763 993 3856 Hispanica
1002 3779 1034 3830 et
1043 3761 1263 3856 Neapolitana,

297 3914 436 4004 quaein
457 3928 571 3998 portus
593 3910 687 4002 Reip.
708 3911 880 3978 intrarent.

341 4058 441 4147 Reges
468 4061 668 4128 Paciscentes
700 4056 933 4146 fidejubebunt
963 4083 1031 4128 non
1064 4079 1192 4128 tantum
1218 4085 1267 4128 re·

300 4208 425 4296 giones,
447 4234 527 4301 quas
548 4234 640 4280 nunc
661 4201 954 4300 possideret'Resp.
979 4207 1103 4299 (Regno
1119 4209 1266 4282 Corsicae
