2990 4966
763 476 805 540 72

306 701 377 750 tum
409 683 542 750 haberet
563 700 597 750 et
620 700 785 774 praeterea
813 681 859 774 ad
886 705 956 750 oras
982 685 1155 750 marinum
1179 707 1273 752 nares

305 831 412 917 longas
436 835 481 902 60
511 828 694 917 collocaret,
718 855 819 924 quae,
842 855 941 926 quam
967 833 1114 924 primum
1132 859 1155 910 a
1182 835 1272 920 ltage

307 979 351 1046 Μ
376 979 560 1047 Britanniae
584 999 838 1068 arcesserentur,
865 982 900 1048 in
927 979 1164 1050 foederatorum
1187 1007 1273 1051 com·

304 1128 438 1197 modum
460 1129 582 1198 moveri
602 1146 752 1222 possent,
777 1147 815 1196 ut
839 1129 881 1198 Μ.
903 1093 1069 1196 Britarinia
1091 1130 1217 1200 100000
1239 1127 1270 1194 O

305 1275 392 1346 sterl.
404 1274 553 1376 solveret,
567 1295 599 1346 et
612 1295 650 1344 ut
665 1277 776 1346 eadem
788 1277 850 1344 sub
866 1275 1051 1346 conditione
1065 1275 1153 1344 idem
1166 1277 1273 1368 copia·

306 1449 381 1492 rum
389 1448 545 1492 numerus
558 1449 644 1494 anno
661 1426 743 1494 1718
758 1427 799 1492 ab
813 1419 1021 1518 imperatrice
1037 1442 1165 1516 paratus
1179 1441 1269 1492 esset.

350 1571 389 1640 lt.
409 1576 453 1642 30
470 1597 515 1638 ιιι.
542 1571 621 1648 Nor.
646 1573 731 1639 inter
755 1572 837 1639 haec
858 1573 929 1664 ipsa
948 1573 1058 1658 Regna
1079 1590 1112 1640 et
1135 1571 1273 1642 Ordines

305 1739 404 1812 pacto
421 1723 634 1790 constitutum
651 1741 717 1802 est,
741 1740 779 1789 ιιι
805 1723 916 1809 Anglia
936 1741 970 1790 et
994 1723 1130 1792 Ordines
1153 1727 1272 1817 stipen7

304 1867 398 1936 dium
418 1871 576 1937 exercitui
594 1872 751 1956 Russico,
774 1873 869 1959 cujus
889 1895 1045 1940 numerus
1063 1891 1145 1940 esset
1159 1873 1270 1945 37500

301 2014 459 2102 militum,
482 2017 734 2109 persolvendum
753 2020 967 2112 susciperent.

345 2167 549 2234 Francorum
566 2169 602 2234 in
621 2169 963 2260 Rempsprogressus,
986 2185 1151 2260 reportata
1168 2169 1210 2235 ab
1229 2169 1268 2234 iis

299 2317 389 2408 apud
407 2315 545 2404 Laffeld
557 2318 690 2386 victoria
708 2335 869 2411 captoque
886 2319 986 2404 Berge
1005 2315 1047 2384 ad
1063 2319 1191 2385 Zamam
1205 2318 1270 2386 foe·

299 2461 426 2530 deratos
451 2463 493 2529 ad
515 2466 596 2532 vires
626 2489 726 2556 quam
752 2484 885 2558 possent
907 2468 1059 2556 maximas
1081 2465 1143 2534 illis
1167 2448 1270 2562 oppo-

301 2609 423 2676 nendas
447 2610 661 2702 impulerunt.
704 2611 819 2704 Itaque
845 2611 880 2680 d.
902 2616 946 2683 26
967 2639 1012 2681 m.
1029 2617 1103 2683 dan.
1128 2642 1156 2684 a.
1186 2618 1268 2686 1748

304 2758 659 2850 Imperatrix-Regina,
685 2763 786 2846 Reges
805 2760 849 2829 Μ.
867 2761 1048 2830 Britanniae
1064 2781 1096 2830 et
1108 2763 1271 2834 Sardiniae

301 2924 333 2973 et
354 2905 491 2976 Ordines
511 2907 675 2976 Generales
694 2910 981 2997 flagae-Comitum
1002 2913 1094 3004 pacti
1110 2925 1264 3000 suut,'ut

302 3053 343 3117 ad
364 3053 490 3120 bellum
507 3055 542 3121 in
563 3055 671 3140 Belgio
692 3057 869 3142 gerendum
886 3062 1045 3146 exercitus
1069 3063 1198 3133 192000
1216 3063 1272 3131 ho·

304 3200 430 3266 minum
454 3219 714 3292 compararetur,
737 3204 779 3271 ad
804 3230 904 3298 quem
930 3209 1271 3300 Imperatrix-Regina

299 3347 469 3437 praeberet
499 3352 626 3433 60000,
656 3351 700 3420 Μ.
734 3353 899 3422 Britannia
923 3357 1033 3426 66000
1063 3374 1096 3423 et
1126 3302 1276 3448 ordines

302 3495 410 3564 66000
434 3493 592 3582 militum3

347 3645 448 3735 Resp.
475 3642 668 3731 adjungeret
683 3645 796 3716 decem
819 3645 869 3716 vel
890 3646 1065 3716 duodecim
1086 3672 1180 3718 naves
1198 3649 1274 3736 lorr-⁴

304 3815 356 3874 gas
376 3791 466 3858 classi
490 3792 661 3882 Anglicae,
693 3798 787 3882 cujus
816 3795 892 3864 finis
920 3816 1017 3883 esset,
1050 3817 1089 3866 ut
1110 3817 1267 3868 mercatu·

306 3961 392 4022 ram,
415 3965 516 4031 quarn
535 3941 652 4008 Franci
668 3942 828 4030 facerent,
849 3945 1085 4037 pessumdaret,
1107 3972 1264 4040 suamque

305 4103 336 4150 et
359 4085 455 4178 Reip.
477 4107 641 4177 tueretur,
665 4100 731 4158 art.
756 4091 798 4176 73
