2990 4966
732 531 776 598 52

273 739 443 808 saxoniam
469 735 596 832 Lipsiae
622 737 726 804 ietum
755 752 807 806 est
836 735 1104 823 secretissimum
1136 757 1244 830 eoque

273 889 475 960 Paciscentes
497 905 747 982 processerunt,
769 901 809 956 ut
831 910 865 956 sa
884 909 973 955 arma
993 909 1060 956 non
1076 886 1241 978 posituros

271 1027 493 1132 sponderent,
522 1037 587 1104 nisi
612 1034 757 1108 Silesiam
784 1053 819 1104 et
845 1034 987 1103 Glatium
1018 1057 1086 1103 non
1113 1051 1243 1104 mutum

268 1186 488 1280 recepissent,
510 1181 569 1252 sed
594 1183 716 1274 Regem
738 1183 834 1252 etiam
857 1183 1023 1252 Borussiae
1045 1180 1109 1248 sibi
1132 1181 1242 1268 sabje-

270 1335 391 1404 uissent
403 1336 544 1428 ejusque
565 1333 741 1426 imperium
763 1331 941 1400 temeretis
961 1328 1082 1396 finibus
1103 1328 1241 1398 circnm-

268 1485 493 1578 scripsissent,
515 1502 554 1554 nt
578 1484 693 1553 vicinis
713 1480 851 1574 amplius
872 1503 992 1550 nocere
1013 1477 1175 1571 nequiret.

311 1631 524 1698 Fnuursrcus
556 1652 633 1698 vero
660 1630 780 1696 iterum
808 1629 845 1694 in
874 1625 984 1696 Silesia
1011 1626 1116 1696 vietor
1143 1649 1242 1696 novas

270 1801 347 1846 eum
363 1774 437 1844 aula
456 1773 655 1843 Londinensi
670 1775 900 1862 negotiationes
917 1775 993 1842 iniit
1009 1773 1053 1840 de
1066 1795 1148 1867 paee
1164 1797 1242 1842 eum

268 1925 389 2012 Regina
404 1922 625 1994 restauranda.
669 1925 745 1992 dam
757 1921 792 1991 d.
807 1926 851 1992 26
864 1894 909 1991 m.
932 1923 1016 2010 bug.
1037 1921 1244 1990 Runuoverae

267 2072 469 2143 conditiones
494 2073 641 2166 praeviae
663 2099 681 2140 a
701 2072 842 2160 Regibus
861 2088 955 2140 erant
974 2071 1189 2178 constitutae,
1210 2088 1244 2140 at

267 2221 390 2310 Regina
415 2244 546 2315 semper
574 2219 723 2290 Silesiam
745 2218 958 2307 subigendum
979 2221 1147 2307 nogium,
1168 2243 1245 2289 eon·

269 2369 448 2438 ditionibus
466 2368 530 2436 illis
547 2369 700 2456 rejectis,
722 2392 763 2434 ex
782 2369 961 2460 improviso
983 2367 1173 2438 Berolinum
1191 2392 1243 2438 oo·

271 2543 392 2611 oupare
417 2517 565 2587 studuit:
601 2515 693 2610 quod
726 2540 803 2584 eum
832 2516 910 2604 Regi
944 2515 1028 2584 elom
1054 2517 1244 2586 nuntiatum

272 2685 375 2752 esset,
392 2666 531 2736 foederis
549 2668 646 2736 etiam
660 2667 784 2760 lipsiae
799 2667 889 2760 preti
901 2667 1120 2760 suspicionem
1131 2691 1245 2760 quem-

270 2813 348 2883 dam
369 2813 506 2884 habenti
531 2815 601 2906 (1),
622 2839 656 2883 se
675 2813 815 2888 Electori
838 2816 991 2886 Saxoniae
1004 2814 1092 2884 ultro
1109 2839 1245 2909 parcere

272 2985 341 3032 nou
372 2987 468 3056 posse
499 2965 703 3051 existimans,
734 2981 841 3033 totum
874 2962 996 3033 devicit
1025 2961 1243 3034 Electoratum

269 3109 368 3201 eique
380 3111 504 3178 tributa
520 3112 688 3204 imposuit.
723 3112 839 3205 ltaque
853 3111 921 3180 Rex
933 3113 1099 3182 Borussiae
1113 3133 1247 3184 mun!

273 3273 481 3342 meumst,
505 3256 558 3324 eui
578 3255 620 3324 ad
642 3281 759 3350 paoem
777 3256 1010 3352 perducendae
1027 3259 1153 3328 tamdiu
1169 3283 1246 3354 ope-

270 3425 342 3470 ram
364 3421 514 3490 navarat,
538 3406 747 3478 conventioni
768 3407 978 3480 Hannoverae
999 3407 1153 3478 accedere
1176 3433 1245 3480 ooe·

270 3553 334 3642 git,
354 3551 446 3646 quod
461 3577 565 3622 unum
578 3554 715 3643 Reginae
727 3559 854 3626 socium
866 3584 884 3626 a
896 3557 1008 3646 Regno
1023 3553 1244 3648 disperdendo

271 3725 397 3774 servare
417 3703 539 3796 potuit.

313 3851 588 3940 Negotiationibus
611 3849 751 3919 Dresdae
770 3853 929 3945 repetitis,
951 3853 1183 3924 interveniente
1196 3854 1241 3924 M.

261 4062 376 4080 m

288 4176 329 4242 (i)
363 4178 436 4228 Anno
451 4179 550 4230 demum
572 4153 635 4230 1756
653 4177 787 4230 eortiurem
802 4177 879 4241 bajus
895 4177 1004 4231 foederis
1019 4180 1136 4231 notitiam
1153 4152 1252 4230 babuit.
