<?xml version="1.0" encoding="UTF-8"?>
<!DOCTYPE html PUBLIC "-//W3C//DTD XHTML 1.0 Transitional//EN"
    "http://www.w3.org/TR/xhtml1/DTD/xhtml1-transitional.dtd">
<html xmlns="http://www.w3.org/1999/xhtml" xml:lang="en" lang="en">
 <head>
  <title>
</title>
<meta http-equiv="Content-Type" content="text/html;charset=utf-8" />
  <meta name='ocr-system' content='tesseract 3.04.00' />
  <meta name='ocr-capabilities' content='ocr_page ocr_carea ocr_par ocr_line ocrx_word'/>
</head>
<body>
  <div class='ocr_page' id='page_1' title='image "./dissertatiopoli00volcgoog_0054.png"; bbox 0 0 2990 4966; ppageno 0'>
   <div class='ocr_carea' id='block_1_1' title="bbox 424 475 431 506">
    <p class='ocr_par' dir='ltr' id='par_1_1' title="bbox 424 475 431 506">
     <span class='ocr_line' id='line_1_1' title="bbox 424 475 431 506; baseline 0 0"><span class='ocrx_word' id='word_1_1' title='bbox 424 475 431 506; x_wconf 81' lang='lat' dir='ltr'>t</span> 
     </span>
    </p>
   </div>
   <div class='ocr_carea' id='block_1_2' title="bbox 755 513 796 576">
    <p class='ocr_par' dir='ltr' id='par_1_2' title="bbox 755 513 796 576">
     <span class='ocr_line' id='line_1_2' title="bbox 755 513 796 576; baseline -0.024 0"><span class='ocrx_word' id='word_1_2' title='bbox 755 513 796 576; x_wconf 79' lang='lat'>42</span> 
     </span>
    </p>
   </div>
   <div class='ocr_carea' id='block_1_3' title="bbox 285 715 1260 2144">
    <p class='ocr_par' dir='ltr' id='par_1_3' title="bbox 285 715 1260 2144">
     <span class='ocr_line' id='line_1_3' title="bbox 287 715 1260 810; baseline -0.006 -20"><span class='ocrx_word' id='word_1_3' title='bbox 287 721 424 808; x_wconf 82' lang='lat' dir='ltr'>Reginae</span> <span class='ocrx_word' id='word_1_4' title='bbox 460 717 629 788; x_wconf 88' lang='lat' dir='ltr'>consilium</span> <span class='ocrx_word' id='word_1_5' title='bbox 661 715 906 810; x_wconf 75' lang='lat' dir='ltr'>¹recuperandae</span> <span class='ocrx_word' id='word_1_6' title='bbox 930 715 1056 786; x_wconf 87' lang='lat' dir='ltr'>Silesiae</span> <span class='ocrx_word' id='word_1_7' title='bbox 1082 720 1260 810; x_wconf 77' lang='lat' dir='ltr'><strong>apparebat</strong></span> 
     </span>
     <span class='ocr_line' id='line_1_4' title="bbox 285 833 1256 942; baseline 0 -6"><span class='ocrx_word' id='word_1_8' title='bbox 285 873 320 938; x_wconf 93' lang='lat' dir='ltr'>in</span> <span class='ocrx_word' id='word_1_9' title='bbox 351 867 538 938; x_wconf 72' lang='lat' dir='ltr'>foederibus</span> <span class='ocrx_word' id='word_1_10' title='bbox 570 833 791 942; x_wconf 69' lang='lat' dir='ltr'>vormatiensi</span> <span class='ocrx_word' id='word_1_11' title='bbox 811 884 843 934; x_wconf 89' lang='lat' dir='ltr'>et</span> <span class='ocrx_word' id='word_1_12' title='bbox 869 865 1053 934; x_wconf 77' lang='lat' dir='ltr'><strong>Viennensi.</strong></span> <span class='ocrx_word' id='word_1_13' title='bbox 1099 865 1163 936; x_wconf 85' lang='lat' dir='ltr'>Sed</span> <span class='ocrx_word' id='word_1_14' title='bbox 1191 891 1256 936; x_wconf 80' lang='lat' dir='ltr'>mo</span> 
     </span>
     <span class='ocr_line' id='line_1_5' title="bbox 286 1013 1257 1108; baseline -0.001 -23"><span class='ocrx_word' id='word_1_15' title='bbox 286 1033 414 1097; x_wconf 85' lang='lat' dir='ltr'>menta,</span> <span class='ocrx_word' id='word_1_16' title='bbox 448 1016 568 1108; x_wconf 88' lang='lat' dir='ltr'>quibus</span> <span class='ocrx_word' id='word_1_17' title='bbox 596 1013 715 1083; x_wconf 86' lang='lat' dir='ltr'>ductus</span> <span class='ocrx_word' id='word_1_18' title='bbox 739 1033 808 1100; x_wconf 89' lang='lat' dir='ltr'>est,</span> <span class='ocrx_word' id='word_1_19' title='bbox 832 1015 938 1084; x_wconf 83' lang='lat' dir='ltr'>verius</span> <span class='ocrx_word' id='word_1_20' title='bbox 962 1015 1031 1106; x_wconf 90' lang='lat' dir='ltr'>ipse</span> <span class='ocrx_word' id='word_1_21' title='bbox 1053 1034 1257 1084; x_wconf 75' lang='lat' dir='ltr'>rononnlcus</span> 
     </span>
     <span class='ocr_line' id='line_1_6' title="bbox 285 1163 1258 1259; baseline -0.004 -25"><span class='ocrx_word' id='word_1_22' title='bbox 285 1166 436 1259; x_wconf 77' lang='lat' dir='ltr'>exposuit</span> <span class='ocrx_word' id='word_1_23' title='bbox 455 1166 491 1232; x_wconf 92' lang='lat' dir='ltr'>in</span> <span class='ocrx_word' id='word_1_24' title='bbox 512 1167 638 1258; x_wconf 88' lang='lat' dir='ltr'>scripto</span> <span class='ocrx_word' id='word_1_25' title='bbox 662 1163 805 1258; x_wconf 88' lang='lat' dir='ltr'>quodam</span> <span class='ocrx_word' id='word_1_26' title='bbox 826 1164 867 1231; x_wconf 86' lang='lat' dir='ltr'>ad</span> <span class='ocrx_word' id='word_1_27' title='bbox 888 1163 1095 1232; x_wconf 85' lang='lat' dir='ltr'>administros</span> <span class='ocrx_word' id='word_1_28' title='bbox 1109 1188 1183 1232; x_wconf 89' lang='lat' dir='ltr'>suos</span> <span class='ocrx_word' id='word_1_29' title='bbox 1198 1165 1258 1257; x_wconf 87' lang='lat' dir='ltr'>qui</span> 
     </span>
     <span class='ocr_line' id='line_1_7' title="bbox 285 1313 1259 1406; baseline -0.005 -19"><span class='ocrx_word' id='word_1_30' title='bbox 285 1313 409 1387; x_wconf 83' lang='lat' dir='ltr'>bellum</span> <span class='ocrx_word' id='word_1_31' title='bbox 433 1313 659 1384; x_wconf 73' lang='lat' dir='ltr'>dissuaserunt.</span> <span class='ocrx_word' id='word_1_32' title='bbox 705 1315 881 1382; x_wconf 78' lang='lat' dir='ltr'>dinumerat</span> <span class='ocrx_word' id='word_1_33' title='bbox 912 1319 944 1380; x_wconf 77' lang='lat'>1⁰</span> <span class='ocrx_word' id='word_1_34' title='bbox 972 1332 1133 1406; x_wconf 87' lang='lat' dir='ltr'>quantum</span> <span class='ocrx_word' id='word_1_35' title='bbox 1158 1313 1259 1383; x_wconf 87' lang='lat' dir='ltr'>studii</span> 
     </span>
     <span class='ocr_line' id='line_1_8' title="bbox 285 1462 1260 1558; baseline 0 -26"><span class='ocrx_word' id='word_1_36' title='bbox 285 1481 318 1532; x_wconf 93' lang='lat' dir='ltr'>et</span> <span class='ocrx_word' id='word_1_37' title='bbox 344 1483 460 1555; x_wconf 86' lang='lat' dir='ltr'>operae</span> <span class='ocrx_word' id='word_1_38' title='bbox 486 1483 593 1532; x_wconf 72' lang='lat' dir='ltr'>unere</span> <span class='ocrx_word' id='word_1_39' title='bbox 626 1482 788 1532; x_wconf 81' lang='lat' dir='ltr'>nurnesu</span> <span class='ocrx_word' id='word_1_40' title='bbox 822 1465 858 1529; x_wconf 92' lang='lat' dir='ltr'>in</span> <span class='ocrx_word' id='word_1_41' title='bbox 885 1462 1124 1534; x_wconf 73' lang='lat' dir='ltr'>vratislavienai</span> <span class='ocrx_word' id='word_1_42' title='bbox 1149 1463 1260 1558; x_wconf 81' lang='lat' dir='ltr'>paniti-</span> 
     </span>
     <span class='ocr_line' id='line_1_9' title="bbox 287 1610 1260 1703; baseline 0.002 -25"><span class='ocrx_word' id='word_1_43' title='bbox 287 1612 410 1678; x_wconf 75' lang='lat' dir='ltr'>catione</span> <span class='ocrx_word' id='word_1_44' title='bbox 440 1610 654 1703; x_wconf 89' lang='lat' dir='ltr'>impenderit,</span> <span class='ocrx_word' id='word_1_45' title='bbox 694 1629 732 1679; x_wconf 89' lang='lat' dir='ltr'>ut</span> <span class='ocrx_word' id='word_1_46' title='bbox 764 1613 826 1678; x_wconf 89' lang='lat' dir='ltr'>sihi</span> <span class='ocrx_word' id='word_1_47' title='bbox 857 1610 938 1679; x_wconf 89' lang='lat' dir='ltr'>altos</span> <span class='ocrx_word' id='word_1_48' title='bbox 971 1631 1095 1680; x_wconf 88' lang='lat' dir='ltr'>montes</span> <span class='ocrx_word' id='word_1_49' title='bbox 1133 1612 1260 1682; x_wconf 87' lang='lat' dir='ltr'>Silesiae</span> 
     </span>
     <span class='ocr_line' id='line_1_10' title="bbox 285 1757 1256 1852; baseline 0.004 -28"><span class='ocrx_word' id='word_1_50' title='bbox 285 1759 460 1850; x_wconf 83' lang='lat' dir='ltr'>superioris</span> <span class='ocrx_word' id='word_1_51' title='bbox 489 1776 682 1844; x_wconf 88' lang='lat' dir='ltr'>reservaret,</span> <span class='ocrx_word' id='word_1_52' title='bbox 704 1757 794 1825; x_wconf 88' lang='lat' dir='ltr'>unde</span> <span class='ocrx_word' id='word_1_53' title='bbox 819 1760 950 1846; x_wconf 81' lang='lat' dir='ltr'>exiguos</span> <span class='ocrx_word' id='word_1_54' title='bbox 973 1758 1111 1852; x_wconf 88' lang='lat' dir='ltr'>quidem</span> <span class='ocrx_word' id='word_1_55' title='bbox 1132 1759 1256 1828; x_wconf 85' lang='lat' dir='ltr'>reditus</span> 
     </span>
     <span class='ocr_line' id='line_1_11' title="bbox 285 1905 1251 2001; baseline 0 -25"><span class='ocrx_word' id='word_1_56' title='bbox 285 1909 490 2001; x_wconf 85' lang='lat' dir='ltr'>perciperet,</span> <span class='ocrx_word' id='word_1_57' title='bbox 525 1925 559 1976; x_wconf 86' lang='lat' dir='ltr'>nt</span> <span class='ocrx_word' id='word_1_58' title='bbox 588 1933 655 2001; x_wconf 84' lang='lat' dir='ltr'>qua</span> <span class='ocrx_word' id='word_1_59' title='bbox 676 1907 782 1975; x_wconf 88' lang='lat' dir='ltr'>aditus</span> <span class='ocrx_word' id='word_1_60' title='bbox 809 1905 857 1974; x_wconf 87' lang='lat' dir='ltr'>ilii</span> <span class='ocrx_word' id='word_1_61' title='bbox 879 1925 1005 2000; x_wconf 87' lang='lat' dir='ltr'>pateret</span> <span class='ocrx_word' id='word_1_62' title='bbox 1027 1910 1064 1976; x_wconf 90' lang='lat' dir='ltr'>in</span> <span class='ocrx_word' id='word_1_63' title='bbox 1088 1906 1251 1994; x_wconf 80' lang='lat' dir='ltr'>Sitesinm3</span> 
     </span>
     <span class='ocr_line' id='line_1_12' title="bbox 287 2054 1259 2144; baseline 0 -20"><span class='ocrx_word' id='word_1_64' title='bbox 287 2061 322 2124; x_wconf 77' lang='lat'>2⁰</span> <span class='ocrx_word' id='word_1_65' title='bbox 343 2057 504 2123; x_wconf 87' lang='lat' dir='ltr'>obstitisse</span> <span class='ocrx_word' id='word_1_66' title='bbox 528 2055 699 2144; x_wconf 84' lang='lat' dir='ltr'>Reginam,</span> <span class='ocrx_word' id='word_1_67' title='bbox 721 2079 763 2122; x_wconf 88' lang='lat' dir='ltr'>ne</span> <span class='ocrx_word' id='word_1_68' title='bbox 787 2054 900 2138; x_wconf 75' lang='lat' dir='ltr'>foedus</span> <span class='ocrx_word' id='word_1_69' title='bbox 924 2055 1127 2124; x_wconf 78' lang='lat' dir='ltr'>Vratislariae</span> <span class='ocrx_word' id='word_1_70' title='bbox 1147 2057 1259 2124; x_wconf 86' lang='lat' dir='ltr'>Russin</span> 
     </span>
    </p>
   </div>
   <div class='ocr_carea' id='block_1_4' title="bbox 287 2205 1262 2299">
    <p class='ocr_par' dir='ltr' id='par_1_4' title="bbox 287 2205 1262 2299">
     <span class='ocr_line' id='line_1_13' title="bbox 287 2205 1262 2299; baseline -0.006 -22"><span class='ocrx_word' id='word_1_71' title='bbox 287 2205 501 2294; x_wconf 86' lang='lat' dir='ltr'>fidejuberet,</span> <span class='ocrx_word' id='word_1_72' title='bbox 526 2205 617 2299; x_wconf 87' lang='lat' dir='ltr'>quod</span> <span class='ocrx_word' id='word_1_73' title='bbox 639 2229 800 2298; x_wconf 84' lang='lat' dir='ltr'>perquam</span> <span class='ocrx_word' id='word_1_74' title='bbox 820 2205 1097 2298; x_wconf 78' lang='lat' dir='ltr'>cupivissetRe13</span> <span class='ocrx_word' id='word_1_75' title='bbox 1125 2209 1163 2276; x_wconf 78' lang='grc' dir='ltr'>3ο</span> <span class='ocrx_word' id='word_1_76' title='bbox 1185 2229 1262 2273; x_wconf 91' lang='lat' dir='ltr'>cun·</span> 
     </span>
    </p>
   </div>
   <div class='ocr_carea' id='block_1_5' title="bbox 287 2350 1365 2446">
    <p class='ocr_par' dir='ltr' id='par_1_5' title="bbox 287 2350 1365 2446">
     <span class='ocr_line' id='line_1_14' title="bbox 287 2350 1365 2446; baseline -0.006 -22"><span class='ocrx_word' id='word_1_77' title='bbox 287 2356 440 2424; x_wconf 88' lang='lat' dir='ltr'>ctationes</span> <span class='ocrx_word' id='word_1_78' title='bbox 464 2355 505 2421; x_wconf 85' lang='lat' dir='ltr'>ab</span> <span class='ocrx_word' id='word_1_79' title='bbox 528 2355 717 2422; x_wconf 85' lang='lat' dir='ltr'>Hannovera</span> <span class='ocrx_word' id='word_1_80' title='bbox 737 2355 905 2446; x_wconf 89' lang='lat' dir='ltr'>interponi</span> <span class='ocrx_word' id='word_1_81' title='bbox 930 2355 965 2418; x_wconf 90' lang='lat' dir='ltr'>in</span> <span class='ocrx_word' id='word_1_82' title='bbox 978 2350 1163 2420; x_wconf 86' lang='lat' dir='ltr'>amovendis</span> <span class='ocrx_word' id='word_1_83' title='bbox 1178 2350 1259 2418; x_wconf 90' lang='lat' dir='ltr'>diffi·</span> <span class='ocrx_word' id='word_1_84' title='bbox 1356 2415 1365 2430; x_wconf 71' lang='lat'>,</span> 
     </span>
    </p>
   </div>
   <div class='ocr_carea' id='block_1_6' title="bbox 286 2499 1260 3334">
    <p class='ocr_par' dir='ltr' id='par_1_6' title="bbox 286 2499 1260 3334">
     <span class='ocr_line' id='line_1_15' title="bbox 288 2499 1259 2588; baseline -0.002 -19"><span class='ocrx_word' id='word_1_85' title='bbox 288 2502 464 2570; x_wconf 84' lang='lat' dir='ltr'>cultatibns</span> <span class='ocrx_word' id='word_1_86' title='bbox 495 2501 537 2568; x_wconf 91' lang='lat' dir='ltr'>de</span> <span class='ocrx_word' id='word_1_87' title='bbox 565 2501 715 2569; x_wconf 89' lang='lat' dir='ltr'>confiniis</span> <span class='ocrx_word' id='word_1_88' title='bbox 748 2501 848 2588; x_wconf 89' lang='lat' dir='ltr'>hujus</span> <span class='ocrx_word' id='word_1_89' title='bbox 875 2499 1074 2568; x_wconf 83' lang='lat' dir='ltr'>Eiectoratus</span> <span class='ocrx_word' id='word_1_90' title='bbox 1108 2519 1142 2570; x_wconf 90' lang='lat' dir='ltr'>et</span> <span class='ocrx_word' id='word_1_91' title='bbox 1166 2501 1259 2588; x_wconf 89' lang='lat' dir='ltr'>Regis</span> 
     </span>
     <span class='ocr_line' id='line_1_16' title="bbox 287 2650 1259 2743; baseline -0.002 -25"><span class='ocrx_word' id='word_1_92' title='bbox 287 2651 453 2718; x_wconf 85' lang='lat' dir='ltr'>Borussiae</span> <span class='ocrx_word' id='word_1_93' title='bbox 481 2651 718 2743; x_wconf 86' lang='lat' dir='ltr'>possessionum</span> <span class='ocrx_word' id='word_1_94' title='bbox 742 2651 837 2735; x_wconf 70' lang='lat' dir='ltr'>ortis,</span> <span class='ocrx_word' id='word_1_95' title='bbox 864 2653 898 2718; x_wconf 76' lang='lat'>4⁰</span> <span class='ocrx_word' id='word_1_96' title='bbox 925 2673 1026 2743; x_wconf 86' lang='lat' dir='ltr'>quam</span> <span class='ocrx_word' id='word_1_97' title='bbox 1048 2673 1167 2742; x_wconf 89' lang='lat' dir='ltr'>parum</span> <span class='ocrx_word' id='word_1_98' title='bbox 1188 2650 1259 2741; x_wconf 91' lang='lat' dir='ltr'>ipse</span> 
     </span>
     <span class='ocr_line' id='line_1_17' title="bbox 286 2799 1260 2893; baseline -0.002 -23"><span class='ocrx_word' id='word_1_99' title='bbox 286 2821 430 2870; x_wconf 77' lang='lat' dir='ltr'>cuonem</span> <span class='ocrx_word' id='word_1_100' title='bbox 457 2801 490 2869; x_wconf 90' lang='grc' dir='ltr'>ΙΙ</span> <span class='ocrx_word' id='word_1_101' title='bbox 518 2799 682 2870; x_wconf 89' lang='lat' dir='ltr'>confidere</span> <span class='ocrx_word' id='word_1_102' title='bbox 708 2801 831 2893; x_wconf 89' lang='lat' dir='ltr'>possit,</span> <span class='ocrx_word' id='word_1_103' title='bbox 855 2800 984 2893; x_wconf 88' lang='lat' dir='ltr'>quippe</span> <span class='ocrx_word' id='word_1_104' title='bbox 1006 2801 1067 2891; x_wconf 89' lang='lat' dir='ltr'>qui</span> <span class='ocrx_word' id='word_1_105' title='bbox 1099 2799 1260 2886; x_wconf 86' lang='lat' dir='ltr'>obligatio·</span> 
     </span>
     <span class='ocr_line' id='line_1_18' title="bbox 286 2947 1260 3038; baseline -0.006 -18"><span class='ocrx_word' id='word_1_106' title='bbox 286 2974 345 3020; x_wconf 86' lang='lat' dir='ltr'>nes</span> <span class='ocrx_word' id='word_1_107' title='bbox 365 2975 384 3016; x_wconf 88' lang='lat' dir='ltr'>a</span> <span class='ocrx_word' id='word_1_108' title='bbox 402 2973 437 3018; x_wconf 85' lang='lat' dir='ltr'>se</span> <span class='ocrx_word' id='word_1_109' title='bbox 463 2965 645 3018; x_wconf 84' lang='lat' dir='ltr'>contractas</span> <span class='ocrx_word' id='word_1_110' title='bbox 668 2947 812 3016; x_wconf 86' lang='lat' dir='ltr'>violasset</span> <span class='ocrx_word' id='word_1_111' title='bbox 835 2948 901 3038; x_wconf 80' lang='lat'>(1);</span> <span class='ocrx_word' id='word_1_112' title='bbox 925 2953 960 3018; x_wconf 77' lang='lat'>5⁰</span> <span class='ocrx_word' id='word_1_113' title='bbox 981 2947 1099 3035; x_wconf 88' lang='lat' dir='ltr'>legatos</span> <span class='ocrx_word' id='word_1_114' title='bbox 1123 2949 1260 3036; x_wconf 84' lang='lat' dir='ltr'>Reginae</span> 
     </span>
     <span class='ocr_line' id='line_1_19' title="bbox 286 3094 1258 3188; baseline 0 -26"><span class='ocrx_word' id='word_1_115' title='bbox 286 3095 451 3188; x_wconf 86' lang='lat' dir='ltr'>Petropoli</span> <span class='ocrx_word' id='word_1_116' title='bbox 463 3095 640 3164; x_wconf 83' lang='lat' dir='ltr'>discidium</span> <span class='ocrx_word' id='word_1_117' title='bbox 655 3096 665 3160; x_wconf 93' lang='lat' dir='ltr'>i</span> <span class='ocrx_word' id='word_1_118' title='bbox 669 3096 757 3184; x_wconf 90' lang='lat' dir='ltr'>psius</span> <span class='ocrx_word' id='word_1_119' title='bbox 767 3112 800 3160; x_wconf 91' lang='lat' dir='ltr'>et</span> <span class='ocrx_word' id='word_1_120' title='bbox 808 3094 1025 3185; x_wconf 83' lang='lat' dir='ltr'>Imperetricis</span> <span class='ocrx_word' id='word_1_121' title='bbox 1035 3113 1258 3164; x_wconf 70' lang='lat' dir='ltr'>ornarentur</span> 
     </span>
     <span class='ocr_line' id='line_1_20' title="bbox 286 3240 1257 3334; baseline -0.005 -22"><span class='ocrx_word' id='word_1_122' title='bbox 286 3243 476 3312; x_wconf 84' lang='lat' dir='ltr'>machinari.</span> <span class='ocrx_word' id='word_1_123' title='bbox 531 3243 647 3334; x_wconf 87' lang='lat' dir='ltr'>Itaque</span> <span class='ocrx_word' id='word_1_124' title='bbox 684 3241 854 3308; x_wconf 88' lang='lat' dir='ltr'>foederatis</span> <span class='ocrx_word' id='word_1_125' title='bbox 894 3241 1059 3326; x_wconf 81' lang='lat' dir='ltr'>dustriae,</span> <span class='ocrx_word' id='word_1_126' title='bbox 1094 3240 1257 3326; x_wconf 87' lang='lat' dir='ltr'>Potoniae,</span> 
     </span>
    </p>
   </div>
   <div class='ocr_carea' id='block_1_7' title="bbox 286 3387 1259 3482">
    <p class='ocr_par' dir='ltr' id='par_1_7' title="bbox 286 3387 1259 3482">
     <span class='ocr_line' id='line_1_21' title="bbox 286 3387 1259 3482; baseline -0.007 -20"><span class='ocrx_word' id='word_1_127' title='bbox 286 3393 457 3477; x_wconf 74' lang='lat' dir='ltr'>Senoniae,</span> <span class='ocrx_word' id='word_1_128' title='bbox 488 3391 533 3458; x_wconf 80' lang='lat' dir='ltr'>M.</span> <span class='ocrx_word' id='word_1_129' title='bbox 567 3391 751 3458; x_wconf 87' lang='lat' dir='ltr'>Britanniae</span> <span class='ocrx_word' id='word_1_130' title='bbox 779 3407 812 3458; x_wconf 91' lang='lat' dir='ltr'>et</span> <span class='ocrx_word' id='word_1_131' title='bbox 838 3389 968 3457; x_wconf 88' lang='lat' dir='ltr'>Russiae</span> <span class='ocrx_word' id='word_1_132' title='bbox 995 3387 1118 3482; x_wconf 86' lang='lat' dir='ltr'>duplex</span> <span class='ocrx_word' id='word_1_133' title='bbox 1157 3413 1259 3482; x_wconf 86' lang='lat' dir='ltr'>oppo-</span> 
     </span>
    </p>
   </div>
   <div class='ocr_carea' id='block_1_8' title="bbox 185 3539 1255 3631">
    <p class='ocr_par' dir='ltr' id='par_1_8' title="bbox 185 3539 1255 3631">
     <span class='ocr_line' id='line_1_22' title="bbox 185 3539 1255 3631; baseline -0.008 -18"><span class='ocrx_word' id='word_1_134' title='bbox 185 3545 189 3567; x_wconf 84' lang='lat'><em>&#39;</em></span> <span class='ocrx_word' id='word_1_135' title='bbox 287 3543 352 3614; x_wconf 81' lang='lat' dir='ltr'>suit</span> <span class='ocrx_word' id='word_1_136' title='bbox 386 3539 516 3626; x_wconf 82' lang='lat' dir='ltr'>foedus,</span> <span class='ocrx_word' id='word_1_137' title='bbox 553 3547 629 3607; x_wconf 89' lang='lat' dir='ltr'>c&#39;nm</span> <span class='ocrx_word' id='word_1_138' title='bbox 665 3541 798 3631; x_wconf 89' lang='lat' dir='ltr'>Imperii</span> <span class='ocrx_word' id='word_1_139' title='bbox 830 3539 1011 3608; x_wconf 84' lang='lat' dir='ltr'>Germanici</span> <span class='ocrx_word' id='word_1_140' title='bbox 1046 3539 1255 3630; x_wconf 85' lang='lat' dir='ltr'>Principibus</span> 
     </span>
    </p>
   </div>
   <div class='ocr_carea' id='block_1_9' title="bbox 286 3687 872 3775">
    <p class='ocr_par' dir='ltr' id='par_1_9' title="bbox 286 3687 872 3775">
     <span class='ocr_line' id='line_1_23' title="bbox 286 3687 872 3775; baseline -0.007 -17"><span class='ocrx_word' id='word_1_141' title='bbox 286 3690 447 3775; x_wconf 89' lang='lat' dir='ltr'>alterum,</span> <span class='ocrx_word' id='word_1_142' title='bbox 470 3687 606 3756; x_wconf 89' lang='lat' dir='ltr'>alterum</span> <span class='ocrx_word' id='word_1_143' title='bbox 629 3712 705 3754; x_wconf 88' lang='lat' dir='ltr'>cnm</span> <span class='ocrx_word' id='word_1_144' title='bbox 727 3689 872 3755; x_wconf 76' lang='lat' dir='ltr'>Francia.</span> 
     </span>
    </p>
   </div>
   <div class='ocr_carea' id='block_1_10' title="bbox 298 3918 573 3934">
    <p class='ocr_par' dir='ltr' id='par_1_10' title="bbox 298 3918 573 3934">
     <span class='ocr_line' id='line_1_24' title="bbox 298 3918 573 3934; baseline -0.015 0"><span class='ocrx_word' id='word_1_145' title='bbox 298 3918 573 3934; x_wconf 54' lang='lat' dir='ltr'><em>w</em></span> 
     </span>
    </p>
   </div>
   <div class='ocr_carea' id='block_1_11' title="bbox 308 4053 1267 4127">
    <p class='ocr_par' dir='ltr' id='par_1_11' title="bbox 308 4053 1267 4127">
     <span class='ocr_line' id='line_1_25' title="bbox 308 4053 1267 4127; baseline -0.009 -18"><span class='ocrx_word' id='word_1_146' title='bbox 308 4062 349 4127; x_wconf 86' lang='lat' dir='ltr'>(t)</span> <span class='ocrx_word' id='word_1_147' title='bbox 381 4063 486 4126; x_wconf 73' lang='lat' dir='ltr'>Spectat</span> <span class='ocrx_word' id='word_1_148' title='bbox 509 4060 558 4108; x_wconf 88' lang='lat' dir='ltr'>troo</span> <span class='ocrx_word' id='word_1_149' title='bbox 588 4063 690 4124; x_wconf 86' lang='lat' dir='ltr'>ruptum</span> <span class='ocrx_word' id='word_1_150' title='bbox 713 4075 726 4105; x_wconf 91' lang='lat' dir='ltr'>a</span> <span class='ocrx_word' id='word_1_151' title='bbox 751 4059 818 4120; x_wconf 81' lang='lat' dir='ltr'>Rege</span> <span class='ocrx_word' id='word_1_152' title='bbox 845 4055 950 4120; x_wconf 75' lang='lat' dir='ltr'>Angliae</span> <span class='ocrx_word' id='word_1_153' title='bbox 979 4055 1069 4106; x_wconf 82' lang='lat' dir='ltr'>toedoe</span> <span class='ocrx_word' id='word_1_154' title='bbox 1097 4053 1267 4104; x_wconf 74' lang='lat' dir='ltr'>neutralitatis</span> 
     </span>
    </p>
   </div>
   <div class='ocr_carea' id='block_1_12' title="bbox 379 4161 552 4210">
    <p class='ocr_par' dir='ltr' id='par_1_12' title="bbox 379 4161 552 4210">
     <span class='ocr_line' id='line_1_26' title="bbox 379 4161 552 4210; baseline 0 -2"><span class='ocrx_word' id='word_1_155' title='bbox 379 4161 552 4210; x_wconf 83' lang='lat' dir='ltr'>Rannoverte.</span> 
     </span>
    </p>
   </div>
   <div class='ocr_carea' id='block_1_13' title="bbox 0 0 1504 4966">
    <p class='ocr_par' dir='ltr' id='par_1_13' title="bbox 0 0 1504 4966">
     <span class='ocr_line' id='line_1_27' title="bbox 0 0 1504 4966; baseline 0 0"><span class='ocrx_word' id='word_1_156' title='bbox 0 0 1504 4966; x_wconf 95' lang='lat' dir='ltr'> </span> 
     </span>
    </p>
   </div>
  </div>
 </body>
</html>
