2990 4966
707 442 727 521 '⁷

225 680 258 725 se
279 655 474 743 obligaverat
501 675 601 749 pacto
625 657 965 734 Wusterhaueensi'd.
992 670 1033 737 12
1055 691 1099 736 m.
1123 670 1195 739 Oct.

230 805 333 889 1726,
367 804 750 876 verum-conditionibus
774 834 841 880 non
867 810 1030 904 impletis,
1060 835 1196 908 pactum

228 953 410 1022 habebatur
431 957 464 1024 ri
486 981 553 1024 esse
566 957 770 1028 destitutum.
813 961 859 1032 Μ.
880 964 1064 1036 Britannia
1081 985 1115 1037 et
1138 968 1199 1037 Or-

224 1103 317 1172 sines
347 1103 531 1173 Generalee
560 1111 819 1178 Provinciam
848 1111 1027 1182 [luituram
1057 1116 1201 1208 sponsio-

227 1277 303 1322 nem
324 1251 444 1321 dedere
464 1273 562 1346 pacto
579 1255 754 1324 Viennensi
770 1256 806 1325 d.
825 1262 864 1330 19
883 1285 928 1330 ιιι.
941 1261 1035 1332 biart.
1049 1245 1076 1334 a.
1096 1267 1196 1354 1731,

226 1396 404 1490 Imperium
439 1399 671 1470 Germanarum
702 1403 863 1498 rescripto
899 1409 933 1476 d.
970 1413 1007 1481 11
1044 1437 1092 1482 m.
1122 1415 1196 1486 Jau.

227 1573 255 1616 a.
284 1549 388 1635 1732,
421 1567 454 1616 et
484 1549 633 1620 Francia
660 1552 810 1648 denique
833 1562 900 1626 ιιιο
927 1562 968 1630 10
990 1563 1080 1652 pacis
1104 1563 1196 1632 Vien-

225 1700 330 1767 nensis
357 1725 387 1766 a.
415 1702 522 1786 1738,
547 1701 601 1768 cui
624 1721 779 1796 sequente
800 1729 886 1774 anno
908 1729 1113 1779 accusarunt
1129 1711 1199 1782 His-

229 1851 346 1941 pania,
370 1847 493 1916 Sicilia
514 1865 546 1915 et
568 1848 746 1920 Sardinia.

272 1997 388 2090 ltaque
433 1997 626 2089 Principum
666 1997 733 2066 fide
774 2001 871 2087 magis
909 2025 1009 2096 quam
1042 2004 1202 2074 thesauris

230 2145 414 2236 murique,
437 2169 582 2238 quorum
604 2171 716 2216 curam
738 2147 835 2240 plana
855 2147 1055 2238 neglexerat,
1078 2153 1200 2241 fretus,

229 2313 374 2363 stactus
383 2295 429 2362 VI
442 2320 551 2363 mense
566 2296 702 2366 Octobri
720 2299 798 2364 anni
815 2301 900 2370 1740
913 2279 1000 2366 diem
1011 2323 1202 2392 supremum

232 2445 333 2530 obiit,
362 2445 473 2531 Regno
497 2411 624 2514 nentes
647 2465 830 2516 rursusne
855 2446 980 2516 relicto.
1023 2449 1204 2540 Statimque

231 2595 402 2664 Sanctione
420 2593 617 2679 Pngmariea
638 2595 811 2686 ipsiusque
832 2593 1041 2682 fidejussione
1063 2597 1203 2684 rejecta,

231 2741 380 2834 undique
399 2739 596 2834 prodierunt
614 2742 824 2808 successionis
839 2740 1025 2808 businiacae
1040 2743 1204 2831 petitores.

195 2921 197 2926 ’
274 2891 422 2958 Francia
445 2891 496 2977 (ut
515 2890 556 2956 ab
576 2887 629 2956 illa
647 2889 781 2956 initium
793 2888 984 2976 iaciamus),
1005 2890 1091 2957 inter
1105 2913 1205 2982 quam

231 3055 266 3106 et
291 3038 455 3106 susanam
483 3039 524 3108 ab
554 3037 697 3130 antiquis
723 3035 802 3104 inde
824 3033 1024 3129 temporibus
1046 3056 1205 3130 perpetua

231 3187 457 3256 intercesserat
479 3184 666 3270 aemulatio,
686 3185 788 3272 Regni
802 3182 965 3254 Austriaci
983 3185 1154 3274 frangendi
1171 3205 1204 3254 et

234 3294 318 3404 inter
341 3335 482 3404 minores
511 3336 701 3428 Principes,
724 3336 785 3428 qui
808 3335 960 3407 Francius
984 3336 1146 3428 potentiae
1172 3354 1206 3405 et

233 3484 372 3554 consiliis
399 3486 527 3552 obstare
557 3485 753 3576 nequirent,
780 3481 964 3552 ‘'dividendi
1000 3485 1205 3552 occasionem

164 3717 169 3728 ³
233 3634 325 3703 avide
353 3634 504 3726 arripuit.
557 3632 706 3718 Quamvis
734 3630 860 3724 primus
890 3651 1044 3700 tvunovtcl
1069 3632 1128 3698 XV
1154 3629 1208 3698 ad·

236 3783 401 3868 minister,
426 3779 604 3848 cardinalis
629 3799 673 3848 nn
691 3800 839 3866 essunt,
863 3779 952 3873 pacis
975 3777 1210 3848 conservandae

235 3928 427 4018 studiosus,
447 3927 656 4016 obligationes
680 3947 859 3998 contractas
880 3928 966 3996 laedi
988 3925 1108 4010 nollet,
1131 3927 1210 3993 vicit

240 4057 347 4148 tamen
374 4077 474 4148 sectio
498 4077 657 4172 quaedam
679 4080 880 4160 aulicorum,
902 4077 988 4146 bello
1012 4077 1209 4163 faventiam,
