2990 4966
659 530 701 598 79

203 773 206 782 ·
240 735 284 804 Ut
303 735 445 805 lineatus
465 738 614 822 Parmae,
633 733 812 805 Placentiae
830 753 863 804 ct
885 735 1096 804 Guardastulli
1116 762 1164 805 ee·

196 881 353 950 derantur
379 885 526 976 Principi
552 902 732 970 rmttrro,
745 883 824 970 sed,
846 885 874 952 si
896 884 1048 953 hiccine
1070 885 1161 978 prole

196 1031 321 1116 obiret,
344 1049 400 1100 aut
421 1033 451 1098 si
473 1031 715 1124 Rex-Neapolis
737 1035 888 1120 Regnum
906 1034 1076 1126 Hispaniae
1099 1034 1164 1102 adi·

196 1181 400 1270 piseeretur,
420 1179 462 1246 ad
484 1199 688 1272 praesentem
713 1179 884 1249 dominum
906 1181 1072 1263 redirentr

242 1328 284 1394 Ut
297 1327 371 1393 Dux
392 1329 532 1395 Mutinae
551 1347 585 1396 et
607 1333 709 1421 Resp.
732 1330 860 1396 Genuae
878 1332 913 1395 in
932 1333 1164 1421 possessionem

195 1497 328 1560 eorum,
352 1501 435 1568 quae
456 1474 542 1544 bello
564 1477 771 1563 amisissent,
785 1469 1053 1568 restituerentur3

241 1623 284 1691 Ut
313 1627 387 1692 Rex
413 1624 578 1694 Sardiniae
604 1625 639 1691 in
667 1625 867 1716 possessione
896 1643 1039 1694 maneret
1065 1627 1164 1712 ragio-

197 1795 294 1856 num,
314 1796 394 1864 quas
412 1771 454 1839 ad
470 1773 535 1840 hoe
549 1791 678 1866 tempus
692 1773 872 1858 habuisset,
893 1791 925 1840 et
939 1799 1019 1866 quas
1033 1800 1061 1844 a.
1077 1776 1163 1846 1743

193 1923 435 2014 acquisivisset,
468 1921 739 2007 vimacensem,
770 1940 897 2014 partem
930 1923 1094 2015 Papiensis
1130 1943 1163 1992 et

194 2070 389 2138 Comitatum
411 2069 584 2157 Anglares,

236 2218 281 2285 Ut
307 2217 442 2284 Francia
469 2235 502 2283 et
529 2215 665 2286 Ordines
691 2216 859 2284 Generales
881 2217 1101 2308 sponderent,
1123 2236 1161 2288 ut

190 2366 272 2450 Regi
291 2363 334 2430 M.
350 2364 550 2466 Britanniae,
567 2365 621 2432 eui
634 2381 791 2455 tanquam
804 2362 945 2432 Electori
955 2363 1161 2432 Hannorerae

189 2512 345 2606 quaedam
372 2515 532 2606 pecuniae
561 2516 604 2580 ab
623 2514 779 2606 Hispania
799 2513 1012 2601 deberentur,
1036 2516 1163 2610 quique

190 2661 255 2728 hoc
273 2661 369 2728 titulo
378 2661 605 2752 pacificatione
617 2650 964 2752 comprehenderetur,
977 2663 1158 2748 satisfieret3

194 2873 198 2882 .
234 2809 278 2878 Ut
297 2809 543 2877 confirmaretur
561 2827 696 2901 paetum
719 2810 942 2879 asstantinum
969 2827 1001 2876 et
1024 2834 1160 2879 eonven-

190 2956 236 3024 tio
253 2957 294 3024 de
317 2978 397 3027 nate
419 2982 526 3024 annua
551 2956 754 3041 Americana,
776 2959 855 3024 item
874 2955 1030 3026 articulus
1052 2964 1072 3028 5
1096 2957 1162 3028 ine«

35 3129 39 3137 ’
109 3159 111 3163 ,
193 3103 276 3172 deris
306 3131 335 3172 a.
368 3104 471 3188 1718,
503 3129 572 3196 quo
593 3106 752 3174 successio
778 3107 814 3172 in
843 3106 995 3191 Regnum
1018 3105 1065 3174 M.
1092 3105 1160 3174 Bri-

189 3253 316 3320 tanniae
336 3249 449 3319 domui
474 3251 682 3320 Brunsviciae
704 3251 958 3340 fidejuberetur3

237 3405 278 3472 Ut
299 3403 476 3496 Princeps,
498 3403 540 3470 ad
563 3407 809 3504 imperatoriam
831 3404 1018 3492 dignitatem
1038 3405 1159 3475 electus

189 3551 369 3646 Imperator
386 3570 613 3640 agnosceretur
625 3554 666 3626 ab
685 3553 835 3620 omnibus
850 3553 1081 3641 Potestatihus,
1098 3557 1158 3647 qui

187 3701 224 3768 id
245 3705 444 3790 omisissent3

232 3849 277 3916 Ut
299 3849 425 3918 hostilia
452 3870 612 3920 cessarent
636 3869 722 3920 terra
747 3853 832 3921 intra
856 3851 1077 3920 hebdomadas
1101 3875 1157 3920 sex

187 4014 264 4090 post
282 3999 463 4085 obsignatas
478 3999 534 4066 has
552 3998 770 4088 conditiones,
794 4017 827 4066 et
839 4001 920 4066 mari
931 4001 1016 4068 sicut
1029 4026 1057 4067 a.
1074 4001 1157 4071 1712

186 4148 272 4216 inter
292 4149 462 4218 Franciam
485 4167 517 4216 et
541 4148 690 4236 Angliam
714 4151 932 4230 convenissem
