2990 4966
251 717 330 784 Μ
351 719 395 786 22
416 715 584 808 Principes
604 715 803 784 Paciscentes
823 716 1023 808 promittunt
1048 716 1175 804 tellegi

207 838 374 934 Bornssiae
391 866 627 958 possessiouem
645 864 788 935 Ducatus
807 861 935 934 Siletire
953 882 988 932 et
1001 863 1176 932 Comitatus

209 1011 305 1082 Glatii
325 1012 546 1100 fidejussuros.

250 1159 355 1228 lidem
381 1158 415 1228 se
440 1161 605 1254 Principes
630 1159 776 1248 obligant
800 1161 841 1229 ad
864 1161 966 1228 hocce
989 1157 1102 1227 foedus
1122 1183 1180 1228 ex·

204 1307 413 1403 requendum
428 1327 461 1377 et
474 1308 727 1395 vindicandum,
749 1310 846 1396 eujus
864 1309 1090 1377 ratificationea
1109 1331 1177 1374 uuo

209 1481 319 1526 mense
338 1475 413 1550 post
430 1459 668 1551 appositionem
691 1455 871 1547 sigillorum
893 1457 1089 1552 Aquiagrani
1106 1452 1180 1550 per·

210 1608 436 1676 mutabuntur.
480 1607 573 1676 Aru.
598 1611 640 1676 23
662 1624 695 1674 et
716 1609 770 1675 24.
860 1653 864 1660 -

251 1755 550 1839 terraemotu,
574 1753 610 1820 in
637 1777 705 1848 quo
726 1755 847 1830 mentio
870 1752 909 1822 lit
930 1746 1179 1823 contentionum

208 1899 251 1968 de
262 1900 429 1993 pecuniis,
447 1924 528 1993 quas
544 1900 613 1968 Rex
627 1899 672 1968 M.
687 1901 869 1969 Britanniae
882 1888 1179 1995 tanquamllleetor

210 2049 415 2116 Hannoverae
438 2073 456 2114 a
474 2048 584 2133 Regno
608 2046 784 2140 Hispanico
803 2050 952 2140 petebat,
974 2047 1016 2116 de
1038 2049 1180 2116 Abbatio

211 2193 254 2264 S‘i
273 2195 430 2281 Huberti,
447 2193 489 2262 de
510 2195 667 2294 tractibus
685 2195 871 2262 Hannoniae
890 2191 1042 2279 inclusis,
1065 2192 1107 2262 de
1122 2216 1178 2262 uo·

209 2343 257 2412 vis
279 2340 411 2409 aedibus
432 2344 543 2411 cursui
565 2341 702 2435 publico
720 2345 757 2409 in
781 2342 888 2430 Belgio
911 2343 1113 2430 constitutis,
1133 2341 1177 2412 do

205 2489 379 2584 'postuletis
407 2490 560 2560 Electoris
587 2490 736 2577 Palatini,
760 2509 841 2576 cet,
870 2516 955 2585 quae
975 2493 1082 2561 omnia
1105 2511 1180 2562 ante

209 2640 324 2710 foedus
350 2642 511 2727 signatum
537 2665 606 2707 non
630 2641 780 2733 expediri
806 2660 996 2735 potuerant,
1026 2661 1080 2729 et,
1103 2641 1179 2712 lieet

208 2787 255 2862 in¹
266 2789 402 2880 praeviis
425 2787 687 2875 conditionibus,
710 2808 747 2857 ut
763 2789 799 2856 in
819 2789 985 2857 communi
1002 2813 1176 2877 congressu

208 2953 443 3022 tractarentur,
464 2955 676 3028 praeceptum
692 2955 790 3024 erret,
811 2938 1025 3006 remittuntur
1049 2962 1180 3032 compo-

212 3084 335 3154 nendae
360 3109 421 3177 per
446 3083 762 3178 legatostutrimque
785 3081 1019 3172 nominandos,
1044 3083 1093 3154 vel
1116 3075 1179 3155 alio

211 3235 325 3328 quovis
344 3232 459 3319 modo,
482 3232 524 3301 de
546 3257 615 3326 quo
636 3233 833 3301 conveniret.
896 3268 899 3274 ¹
954 3227 959 3234 ’

252 3384 326 3452 lino
348 3381 511 3452 accedunt
529 3384 669 3450 orttcutt
689 3385 842 3473 reparati
848 3432 859 3468 ,
883 3375 1005 3486 quibus
1028 3400 1176 3470 cavetur,

209 3556 252 3600 ne
276 3531 351 3625 qnia
379 3531 612 3600 detrimentum
644 3548 818 3624 capereto
845 3533 1044 3625 quibusdam
1077 3533 1178 3602 titulis

211 3680 248 3746 in
270 3677 406 3748 foederis
434 3678 569 3748 exordio
597 3680 765 3764 assumtis,
795 3702 876 3748 neve
900 3705 919 3746 e
945 3679 1054 3768 lingua
1083 3681 1179 3747 Fran·

211 3831 298 3918 oica,
321 3857 389 3925 qua
411 3849 492 3900 esset
513 3850 620 3900 totum
642 3833 875 3924 conscriptum.

258 3978 345 4063 Quae
377 3975 472 4063 vulgo
503 3976 609 4046 dictae
636 3984 899 4070 protestationes
931 3977 1046 4046 foedus
1076 3980 1180 4048 secuti

209 4131 294 4212 sint,
317 4128 456 4196 breviter
479 4151 677 4198 enarremus.
