2990 4966
712 461 755 530 db

245 683 327 739 asset
340 665 571 733 constitutum:
596 665 641 734 ita
664 681 702 736 ut
725 690 754 732 a.
775 661 908 732 demum
933 666 1014 742 ttat
1042 666 1221 764 Imperium

246 815 359 884 loedus
385 813 565 882 Drasdense
587 813 839 902 fidejubendum
860 818 1051 909 susceperit.

290 966 413 1049 Regem
427 933 611 1049 Borussiae,
631 965 753 1032 etiamsi
766 965 833 1032 voti
845 989 983 1056 compos
1003 967 1107 1034 factus
1123 985 1219 1052 esset,

247 1137 357 1206 neque
374 1137 533 1206 umquam
550 1109 677 1181 Silesiae
695 1111 888 1204 repetendae
906 1115 1045 1200 Reginae
1063 1139 1136 1208 spes
1153 1138 1220 1188 csse

249 1259 430 1344 videretur,
449 1258 545 1330 multi
558 1259 642 1327 forte
661 1261 821 1328 mirentur
837 1263 873 1327 in
887 1261 994 1329 medio
1010 1263 1221 1331 victoriarum

248 1426 348 1484 cursu
371 1427 499 1482 tantum
516 1410 606 1501 pacis
625 1407 821 1476 desiderium
840 1410 918 1502 ipsis
937 1411 1139 1503 quibuscum
1155 1409 1222 1478 bel·

246 1555 325 1627 laret
344 1559 553 1650 Principibus
575 1556 760 1625 declarasse.
806 1557 870 1626 Sed
889 1575 1017 1651 practer
1035 1557 1219 1646 commoda,

248 1731 332 1800 quae
359 1729 450 1774 nunc
484 1708 547 1774 sthi
572 1707 694 1800 pacisci
721 1725 867 1800 poterat,
892 1709 1013 1796 Regem
1039 1707 1081 1774 ad
1104 1709 1222 1776 instan-

246 1854 328 1924 dum
355 1855 574 1949 pacificationi
610 1859 770 1950 permovit
807 1857 963 1926 Edictum
1003 1858 1221 1950 Imperatricis

248 2007 393 2076 Russiae.
429 2006 640 2098 S‘ummoperc
655 2008 743 2073 enim
760 2005 855 2093 legati
869 2010 1009 2094 Reginae
1022 2008 1218 2096 Hungariac,

247 2153 339 2239 Regis
365 2153 408 2220 M.
433 2155 617 2222 Britanniae
642 2173 674 2224 et
699 2153 863 2225 Ordinum
890 2155 1094 2224 Generalium
1118 2157 1220 2248 lmpe·
1305 2139 1311 2150 ’

249 2303 399 2395 ratricem
424 2269 678 2404 admonuerant,
711 2323 748 2372 ut
774 2323 872 2373 staret
901 2307 1005 2398 pactis
1032 2306 1220 2391 conventis,

248 2475 389 2536 cumne
412 2451 498 2520 bello
518 2443 654 2546 quidem
678 2478 755 2522 cum
777 2453 909 2538 Suecia,
933 2478 1077 2546 quacum
1098 2455 1169 2540 jam
1189 2479 1218 2525 a.

253 2603 333 2668 1743
356 2625 470 2692 pacem
494 2601 602 2671 Aboae
625 2619 800 2694 patrasset,
823 2601 1050 2696 impediretur.
1095 2601 1137 2669 llt
1163 2605 1222 2668 ini·

247 2749 292 2812 tio
314 2748 355 2814 ab
379 2749 418 2813 tis
446 2748 609 2822 servandis
634 2774 703 2826 non
729 2749 833 2820 aliena
856 2749 1043 2836 videbatur,
1068 2747 1126 2814 sed
1146 2766 1222 2840 post

248 2913 378 2988 pactam
398 2899 643 2970 conventionem
660 2898 870 2972 Hannoverae
889 2896 986 2989 plane
1004 2920 1156 2967 conversa
1174 2915 1222 2966 est

246 3044 415 3137 multoque
446 3048 567 3134 majora
600 3049 696 3140 petiit
722 3045 868 3119 subsidia
899 3071 999 3140 quana
1029 3063 1119 3114 antea
1147 3071 1222 3114 con-

230 3211 386 3276 venerat.
432 3194 625 3270 Imminentc
640 3213 717 3271 vero
737 3197 890 3264 Saxoniae
910 3222 928 3263 a
945 3197 1032 3283 Rege
1054 3195 1221 3262 Borussiac

244 3341 412 3433 periculo,
444 3367 477 3409 se
512 3368 610 3436 opem
644 3344 782 3414 laturam
815 3345 999 3422 declaravit.
1052 3343 1221 3413 Exercitus

244 3491 402 3558 Russicus
427 3492 518 3578 jam,
542 3509 581 3560 ut
607 3494 643 3559 in
669 3494 851 3562 Borussiam
877 3511 1128 3586 prorumperet,
1160 3517 1221 3586 per

246 3617 452 3706 crulandiam
481 3641 544 3708 iter
578 3642 735 3728 faciebat,
771 3629 846 3712 cum
876 3668 942 3735 pax
971 3642 1110 3712 Dresdae
1147 3631 1222 3710 cou-

247 3782 447 3856 cluderetur.

289 3931 416 4002 Bellum
443 3938 564 4008 interea
587 3941 624 4006 in
650 3937 779 4028 Belgio,
809 3937 899 4016 Italia
925 3954 958 4006 et
984 3933 1086 4010 Iudiis
1121 3936 1222 4011 couti·

245 4081 418 4152 nuabatur.
465 4085 598 4175 Franci,
624 4087 717 4158 hoste
747 4087 837 4180 apud
868 4087 1085 4163 Fontauetum
1112 4084 1224 4176 profli-
