2990 4966
814 528 858 591 32

356 736 461 819 venit,
484 751 521 801 ut
544 733 574 802 l⁰
591 733 768 825 Imperator
786 731 898 824 copies
911 732 1100 823 Francicas,
1119 763 1198 830 quas
1210 739 1319 810 adbuc

357 884 510 970 haberet,
525 883 702 950 remitteret
714 883 837 975 iisqne,
857 899 895 948 ut
913 881 992 950 fines
1006 883 1189 953 Germaniae
1209 891 1322 956 transi·

354 1049 443 1114 rent,
461 1027 686 1122 persuaderem
711 1033 747 1098 2·
761 1030 941 1122 Imperator
954 1049 986 1099 ct
1004 1031 1127 1100 Iiexll.
1138 1033 1319 1102 Britanniae

352 1179 556 1248 eniterentur
575 1201 651 1246 cum
673 1178 831 1270 Imperio,
856 1176 969 1266 Anglia
993 1196 1026 1246 et
1049 1178 1225 1248 Ordinibus
1247 1207 1322 1251 con·

350 1329 497 1416 junctim
524 1327 667 1422 quietem
696 1325 864 1420 publicam
891 1345 1069 1396 resumam
1094 1346 1127 1398 et
1151 1329 1320 1398 Franciam

350 1503 484 1566 eogere,
507 1493 544 1543 ut
571 1501 685 1568 pacem
710 1473 892 1544 durabilem
915 1494 949 1544 et
978 1501 1054 1544 cum
1080 1477 1236 1546 universis
1263 1479 1323 1544 ini·

261 1663 269 1676 ·
353 1643 423 1710 ret3
448 1627 483 1692 3ο
496 1623 688 1716 Imperatori
704 1621 794 1690 bello
809 1621 919 1690 diruto
942 1621 1175 1692 concederetur
1195 1649 1320 1725 summa

353 1795 436 1863 quae
460 1770 500 1837 ad
529 1771 650 1838 victum
674 1769 915 1862 suppeditaret,
938 1767 1043 1836 donec
1065 1769 1224 1838 reditibus
1249 1773 1319 1858 ejus

351 1918 504 2006 augendis
534 1916 788 2002 consuluissent3
821 1936 854 1986 et
885 1916 1080 1986 Electoratus
1109 1917 1256 1986 Bavariae
1284 1921 1321 1986 in

351 2068 499 2154 Regnum
532 2084 792 2152 convertereturs
827 2067 863 2134 4⁰
892 2067 1071 2159 imperator
1103 2065 1270 2136 desisteret
1301 2094 1320 2133 a

352 2214 604 2306 possessionibus
630 2213 831 2282 hereditariis
860 2215 1005 2282 lustriae
1030 2237 1093 2307 pro
1122 2235 1156 2284 se
1185 2216 1319 2308 suisque

352 2363 509 2454 posteris3
534 2365 570 2430 5⁰
597 2361 702 2449 Ilujus
730 2362 976 2430 renuntiationis
1005 2364 1223 2432 instrumento
1248 2367 1321 2431 rati-

351 2510 447 2578 ficato
484 2510 674 2600 imperatori
709 2507 924 2577 redderentur
962 2508 1152 2578 hereditaria
1185 2511 1313 2598 Regnag

351 2661 388 2725 6ο
406 2656 528 2742 Regina
552 2654 731 2745 Hungariae
753 2675 938 2744 agnosceret
964 2658 1198 2751 imperatorem
1221 2679 1319 2730 cruo-

350 2826 418 2874 uurr
440 2806 518 2892 VII,
541 2823 573 2873 et
594 2805 650 2875 hio
676 2829 787 2872 rursus
813 2805 986 2893 Reginam
1011 2808 1200 2894 suffragium
1224 2809 1319 2877 etiam

352 2954 548 3022 Electorium
572 2953 742 3022 Bohemiae
768 2955 969 3039 restituerem
1005 2958 1040 3024 7⁰
1065 2958 1217 3026 universa
1246 2981 1320 3025 con·

351 3098 519 3168 cederetur
542 3103 724 3184 amnestia,
754 3122 864 3166 omnes
896 3100 1129 3191 publicationes
1155 3122 1188 3170 et
1209 3117 1323 3198 seque·

349 3249 517 3316 strutiones
538 3247 777 3338 (confiscatione
798 3257 831 3313 et
853 3249 1048 3338 sequestres)
1070 3267 1175 3318 essent
1193 3249 1320 3338 nullae,

350 3392 476 3462 obsides
505 3412 538 3462 et
566 3417 721 3486 personae
751 3395 908 3462 coercitae
938 3396 950 3479 (
950 3419 1135 3486 personnae
1157 3401 1318 3490 avertes)

349 3540 449 3609 libere
470 3539 732 3629 dimitterentur3
757 3543 793 3610 8⁰
814 3541 932 3633 captivi
953 3544 1023 3610 sine
1044 3542 1241 3614 redemtione
1259 3547 1319 3615 sol·

305 3693 307 3696 ’
352 3705 520 3773 verentur,
548 3705 580 3755 et
615 3689 745 3758 Ravana
780 3709 985 3782 recuperaret
1017 3710 1178 3762 tormenta
1205 3693 1322 3763 bellica

350 3830 411 3902 sibi
433 3831 567 3903 ademta.

395 3987 460 4054 Ilae
479 3979 679 4060 conditiones
701 3986 897 4072 obsignanda
915 4007 1008 4056 erunt
1029 3987 1063 4058 d.
1092 3993 1130 4060 16
1153 4015 1197 4058 m.
1220 3992 1316 4076 Iun„

351 4137 406 4204 scd
431 4158 603 4208 caarrrrr
625 4137 707 4206 illud
736 4141 769 4204 in
798 4138 865 4206 dies
888 4136 1054 4208 differebat
1076 4160 1108 4210 et
1133 4142 1260 4210 tandem
1281 4141 1317 4208 da
