2990 4966
760 491 801 555 70

297 695 449 762 Franciae
472 711 505 760 et
529 690 691 761 Ordinem
715 692 757 760 de
778 719 859 785 pace
882 695 1057 780 agebatur.'
1092 691 1131 758 11.
1158 695 1202 762 20
1223 715 1267 760 m.

301 844 383 934 Apr.
401 844 594 910 constitutae
617 857 695 908 sont
710 838 869 933 quaedam
887 838 1087 908 conditiones
1106 841 1273 931 praeviae,

303 993 423 1084 quibus
441 1009 577 1084 pactum
604 989 685 1076 suit,
708 1007 746 1058 nt
770 990 868 1056 urbes
898 989 996 1080 Reip.
1020 1014 1039 1053 a
1065 987 1197 1054 Francis
1221 1004 1279 1054 ea*

303 1158 378 1233 ptae
400 1138 617 1207 redderentur
633 1155 665 1206 et
687 1139 797 1230 priora
816 1137 944 1206 foedera
958 1145 1209 1221 renovarentur,
1225 1138 1274 1204 in·

300 1290 415 1380 primis
434 1289 662 1356 mercatoriam
679 1285 760 1353 illud
781 1313 809 1353 a.
829 1285 911 1356 1739
921 1337 931 1372 ,
943 1323 987 1336 -
999 1287 1097 1352 urbes
1117 1285 1152 1352 in
1165 1282 1275 1372 Belgio

303 1437 471 1503 Austriaco
493 1453 603 1526 captae
624 1453 751 1502 ntur
768 1452 953 1502 recensu}
973 1433 1220 1500 restituerentur
1233 1449 1272 1499 et

297 1608 363 1673 pax
388 1607 464 1648 cum
486 1580 539 1647 illa
561 1581 743 1648 secundum
766 1579 881 1648 foedus
899 1607 928 1647 a.
952 1582 1033 1649 1738
1056 1603 1269 1671 componere·

298 1750 370 1814 tur,
394 1765 438 1780 κ-
467 1730 601 1796 Francia
623 1747 830 1798 raanstscttat
859 1729 1093 1820 Imperatorem
1125 1750 1273 1814 agnosce·

297 1894 362 1960 ret,
387 1911 431 1925 -—
451 1873 579 1942 foedera
600 1875 691 1941 annis
720 1876 800 1943 1713
823 1893 856 1942 et
886 1875 966 1943 1717
989 1877 1077 1942 inter
1100 1875 1269 1943 Franciam

297 2040 329 2090 et
347 2022 493 2109 Angliam
515 2041 612 2114 pacta
633 2025 673 2090 ab
698 1991 786 2091 omni
803 2042 896 2115 perte
919 2025 986 2092 vim
1011 2041 1269 2117 repeterent,-

301 2171 434 2238 Francia
452 2189 624 2262 recuparet
638 2168 779 2236 insulem
798 2170 1033 2262 Cap-Brelon,
1051 2189 1167 2265 -pex
1183 2175 1280 2240 inter'

298 2317 445 2404 Angliam
458 2335 492 2384 ct
505 2318 693 2408 Hispaniam
705 2317 888 2384 secundum
901 2341 1016 2410 pacem
1026 2319 1270 2406 Ultrajectinam

297 2484 327 2531 et
348 2467 594 2532 conventionem
613 2465 808 2533 Pcrdensem
826 2467 1019 2536 conderetur
1039 2489 1071 2538 et
1091 2492 1270 2541 mercatura

294 2613 475 2680 secundnm
497 2614 625 2681 foedera
651 2615 761 2706 priora
779 2636 1006 2700 exerceretur,
1025 2655 1074 2671 -
1096 2621 1268 2714 Hispania,

296 2761 386 2853 quod
401 2761 445 2828 ad
464 2761 729 2830 Preetendentem
750 2764 917 2850 attineret,
937 2765 1050 2832 eadem
1073 2793 1156 2859 quae
1173 2769 1270 2837 Fran·

297 2911 346 2976 cia
365 2911 566 2994 observaret,
587 2948 631 2961 -
653 2911 805 3003 Hispania
828 2911 958 2980 foedera
985 2912 1063 2982 olim
1088 2942 1165 2985 cum
1194 2920 1268 2988 Pro*

295 3063 409 3128 tiociis
431 3062 537 3129 Unitis
560 3081 656 3153 pacta
679 3065 889 3135 confirmaret
906 3086 939 3135 et
963 3095 1040 3136 cnm
1063 3071 1193 3141 austria
1213 3099 1272 3166 pa·

298 3210 471 3274 cisceretur
491 3211 554 3276 snb
571 3210 813 3280 conditionibus
827 3214 964 3308 foederis
981 3243 1010 3288 a.
1026 3219 1125 3295 1738,
1144 3223 1269 3314 quibus

296 3358 391 3422 etiam
409 3356 575 3426 accederet
597 3360 667 3426 Rex
686 3359 852 3452 Neapolis,
868 3399 911 3416 -
923 3364 1096 3456 Hispania,
1120 3367 1267 3464 Neapcdi's

196 3505 202 3512 ’
297 3521 329 3571 at
342 3503 498 3598 Princeps
512 3527 682 3576 Pntntrrtts
697 3530 905 3596 agnoscerem
922 3513 1155 3604 Imperatorem
1168 3471 1256 3588 rear

298 3672 431 3738 ctscutc,
445 3689 483 3706 -
506 3654 619 3720 Parma
632 3674 664 3723 et
679 3655 856 3743 Placentia,
879 3682 915 3725 ea
928 3676 1020 3749 parte
1036 3681 1169 3754 excepta
1184 3689 1267 3758 quse

300 3806 344 3870 cis
372 3802 496 3870 Padum
525 3805 581 3870 sita
610 3822 709 3884 esset,
735 3825 887 3874 reluere
911 3806 1105 3896 dederetur,
1128 3850 1165 3866 -
1194 3813 1266 3879 Rex

297 3949 479 4034 Sardiniae,
504 3953 605 4045 Resp.
630 3951 756 4019 Genuae
778 3970 810 4018 et
834 3950 908 4020 Du'x
931 3952 1074 4022 Mutinae
1097 3981 1269 4048 recupera-

295 4117 383 4185 rent,
404 4126 486 4192 quae
504 4100 709 4169 amississent.
744 4101 899 4186 Quamvis·
915 4102 987 4170 Rex
1007 4103 1158 4172 Franciae
1171 4105 1269 4173 hasce
