2990 4966
792 489 834 554 62

323 693 517 786 imperatori
535 691 693 786 quasdam
711 693 857 778 regiones
871 693 1073 779 Ananiaeas,
1097 695 1245 764 Permam
1262 715 1301 774 et¹

325 840 518 910 Planentiam
538 842 687 933 Principi
708 859 865 910 rfflurro
887 863 955 910 esse
977 839 1145 911 cedendas.
1182 842 1294 910 Paullo

320 1007 397 1082 poet
420 989 557 1058 Ordines
582 989 638 1058 has
664 1006 905 1080 proposuerunt
931 987 1153 1072 conditiones,
1180 987 1308 1056 utrius-2

321 1162 388 1232 que
408 1155 544 1206 secretas
565 1133 754 1208 servandrrz
781 1153 819 1204 nt
846 1139 878 1204 10
899 1135 1033 1204 Francis
1056 1137 1163 1204 omnia
1183 1133 1297 1202 redde·

319 1305 390 1372 ret,
414 1309 497 1380 qnae
519 1286 587 1352 huo
604 1309 710 1378 nsque
733 1287 889 1377 cepisset,
914 1290 949 1354 2⁰
970 1261 1106 1356 Francia
1126 1283 1237 1352 denno
1258 1308 1304 1350 se*

321 1435 475 1522 obligaret
502 1433 544 1502 ad
564 1436 768 1504 Sanctionem
786 1434 1015 1522 Pragmatioam
1035 1434 1301 1522 fidejubendam,

322 1589 357 1650 30
379 1583 561 1675 Imperator
587 1585 643 1670 jus
670 1583 828 1648 suumin
854 1581 1069 1650 hereditatem
1098 1587 1298 1652 bustriaoam

326 1727 525 1812 dimitteret,
550 1731 585 1794 4⁰
605 1726 694 1796 idem
715 1724 769 1792 ille
785 1728 821 1792 in
835 1729 979 1812 regiones
998 1752 1079 1794 suas
1089 1729 1305 1798 hereditarias«

324 1880 569 1963 restitueretur,
595 1883 632 1948 50
659 1875 804 1962 moenia,
828 1901 911 1969 qnae
938 1876 1073 1947 Francia
1098 1881 1135 1944 in
1153 1879 1303 1972 Imperio,

326 2035 517 2102 Germanico
533 2033 761 2117 exstruxisset,
780 2031 1008 2118 diruerentur,
1029 2037 1064 2102 60
1076 2031 1296 2118 obligationes,

324 2207 405 2279 quas
415 2184 632 2269 Franeiaerga
643 2182 790 2270 Angliarn
800 2199 938 2274 propter
948 2173 1215 2250 Praetendentem
1224 2203 1298 2248 eon·

284 2390 299 2431 f.
322 2336 485 2420 traxisset,
517 2349 700 2415 renovaret,
736 2337 772 2397 7⁰
798 2333 923 2398 moenia
948 2330 1152 2396 Dunikerlrae
1178 2329 1299 2417 dejice

282 2573 291 2580 η
323 2499 458 2566 rentur,
477 2483 513 2548 80
526 2480 593 2546 Rex
613 2479 783 2572 Hispaniae
801 2479 844 2544 ab
862 2475 1038 2547 hereditate
1057 2478 1222 2544 Austriaca
1241 2476 1304 2542 den

325 2630 459 2698 sisteret.
505 2631 591 2714 Quae
605 2653 683 2724 eum
695 2627 787 2714 Regis
811 2625 1010 2694 administris
1032 2651 1099 2694 non
1113 2623 1296 2719 probabiles

325 2778 531 2864 viderentur,
549 2778 668 2864 legatus
684 2775 840 2848 Ordinem
857 2776 976 2844 insecta
988 2800 1024 2842 re
1039 2775 1175 2843 domum
1187 2773 1295 2842 rediit.

369 2931 478 2998 Mense
499 2928 585 3016 Majo
602 2929 680 2995 anni
701 2927 781 2998 1745
801 2923 872 2992 aula
890 2925 1046 2994 Franeioa
1060 2948 1120 3017 per
1139 2923 1296 2991 Aetatem

258 3083 263 3090 '
323 3097 366 3144 nrt
388 3096 431 3142 tt
454 3095 566 3158 tutu,
589 3074 728 3160 legatum
751 3098 848 3139 suum
871 3071 962 3163 apud
987 3071 1141 3154 Ordines,
1163 3072 1234 3162 ipsa
1255 3069 1296 3136 de

322 3248 402 3317 paee
418 3249 509 3312 agere
531 3225 639 3314 eoepit
666 3223 725 3312 (l).
772 3222 895 3288 Harum
915 3221 1189 3306 negotiationum,
1213 3242 1296 3306 quae

325 3395 401 3440 oum
422 3369 601 3440 Ordinibus
619 3330 875 3463 provincialibus
895 3369 1086 3461 praesertim
1108 3361 1298 3430 Hollandiae

324 3489 538 3589 secretissime
558 3537 661 3606 gestae
685 3537 782 3605 sunt,
804 3543 929 3585 summa
948 3517 1030 3600 snit,
1054 3531 1092 3582 ut
1109 3509 1228 3598 legatus
1245 3509 1300 3578 de-

328 3667 472 3753 clararit,
497 3667 642 3761 quamvis
664 3689 752 3752 non,
773 3667 824 3736 uti
838 3681 1014 3757 parasset,
1034 3665 1252 3747 instructum,
1264 3687 1299 3728 se

326 3834 433 3884 tamen
453 3813 612 3908 quaedam
628 3809 774 3905 proferre
791 3837 886 3906 posse
903 3813 1081 3880 sententiae
1099 3810 1188 3879 aulae
1202 3811 1300 3878 Fran·

346 4125 386 4190 (l)
421 4125 478 4176 Vid.
497 4126 568 4190 Βῇο.
587 4140 622 4189 op
640 4137 709 4172 war.
727 4123 779 4172 tx.
797 4139 824 4188 p.
841 4121 868 4174 7.
