2990 4966
764 511 808 576 82

306 740 392 810 quac
412 713 612 784 conditiones
628 716 774 808 praeviae
795 717 997 784 continerent
1017 713 1198 783 commodis
1213 715 1278 790 lna·

305 865 637 959 peratricis-lieginae
665 866 834 933 contraria.
879 864 949 932 Hoc
974 889 1079 932 unntn
1104 889 1197 951 eam,
1216 889 1281 932 sno

306 1016 456 1108 quamvis
488 1013 658 1106 periculo,
692 1011 867 1081 concedere
903 1011 983 1080 velle
1008 1011 1209 1100 declarabat,
1237 1031 1275 1082 nt

304 1163 452 1254 Principi
489 1181 650 1230 rutttrt’o·
683 1161 826 1228 lineatus
864 1159 1013 1253 stipulati
1046 1160 1277 1248 traderentur,

305 1312 410 1380 donec
433 1329 565 1381 vacante
585 1311 701 1396 Regno
721 1309 892 1402 Hispaniae
918 1326 974 1376 ant
997 1311 1172 1402 utriusque
1198 1309 1277 1378 Sici»

305 1461 365 1529 liae
385 1459 434 1528 illi
454 1461 547 1552 copia
569 1457 702 1527 daretur
720 1459 757 1526 in
776 1456 966 1526 alterutrum
985 1453 1203 1543 succedendi3
1227 1454 1277 1522 id·

302 1630 368 1698 que
390 1630 426 1672 ea
446 1624 575 1674 tanturn
595 1605 680 1692 lege,
701 1623 740 1673 nt
761 1603 867 1672 nullae
888 1605 1088 1676 hebetentur
1111 1604 1268 1673 cessiones

301 1755 342 1819 ab
371 1754 500 1822 Anstria
527 1754 608 1839 Regi
636 1751 802 1822 Sardiniae
827 1751 930 1840 sactae
956 1751 1087 1819 foedere
1113 1752 1272 1820 Vornaati·

301 1902 388 1988 ensi,
412 1927 488 1970 cum
506 1902 569 1968 hac
595 1925 630 1966 re
653 1901 750 1968 unice
773 1923 966 1994 praecavere
987 1899 1143 1986 volucrit,
1165 1924 1211 1966 tte.
1227 1899 1272 1967 sa·

299 2051 388 2120 milia
410 2071 591 2120 surrentin
611 2050 759 2120 stabilem
785 2053 821 2116 in
842 2049 933 2119 Italia
954 2049 1063 2118 scdcm
1089 2073 1273 2144 assequerer

299 2221 365 2270 tur.
412 2200 463 2268 td
495 2226 594 2293 quam
626 2199 845 2268 conditionem
872 2197 1071 2291 implendam
1101 2224 1180 2268 eunt
1198 2199 1270 2272 lter

299 2347 466 2418 Sardiniae
491 2349 672 2440 permoveri
696 2371 764 2415 non
790 2364 920 2438 posset,
942 2347 1072 2414 dustria
1097 2371 1141 2415 ne
1165 2347 1273 2417 multo

299 2495 435 2588 quidem
453 2513 529 2586 post
551 2494 598 2583 (d.
616 2497 656 2564 31
680 2519 725 2560 m.
749 2493 840 2585 Maji)
863 2494 1000 2586 praeviis
1027 2495 1272 2564 conditionibus

299 2645 369 2712 sine
381 2642 446 2710 ulla
458 2644 648 2736 exceptione
661 2641 826 2730 adhaesit,
841 2661 910 2711 rata
930 2665 950 2710 tt
963 2645 1118 2720 cessiones
1142 2643 1271 2713 foedere

299 2797 542 2866 »Vormatiensi
565 2798 666 2865 factas
685 2795 777 2865 nnllo
801 2795 901 2865 modo
919 2800 1083 2890 pertinere
1103 2798 1144 2866 ad
1164 2824 1200 2867 ea
1217 2823 1272 2868 no·

300 2972 322 3014 »
331 2949 433 3033 gotia,
457 2972 540 3039 qnae
566 2947 603 3013 in
630 2969 802 3032 congressu
829 2963 933 3013 essent
956 2945 1161 3018 tractanda.”
1205 2945 1270 3016 td·

298 3095 472 3160 haeserunt
498 3093 612 3168 eodem
634 3112 781 3186 tempore
802 3092 906 3181 legati·
925 3097 1021 3183 Regis
1046 3095 1212 3166 Sardiniae
1237 3115 1270 3166 et

303 3249 400 3314 lincis
415 3247 573 3331 Mutinae,
598 3246 631 3314 d.
646 3248 689 3314 28
702 3271 747 3314 m.
764 3249 855 3316 Junii
872 3246 964 3334 legati
982 3249 1077 3335 Regis
1097 3249 1268 3342 Hispaniae

299 3415 331 3464 et
352 3397 450 3486 lteip.
473 3395 612 3462 Genuae.

347 3542 385 3610 Ι).
409 3548 428 3609 8
456 3565 500 3608 m.
528 3539 609 3608 tulit
633 3540 730 3628 legati
754 3542 923 3629 lla-ancias,
948 3541 991 3610 ll.
1021 3542 1206 3612 Britanniae
1238 3563 1271 3613 et

303 3689 466 3762 ordinum
488 3689 735 3758 declarationem
757 3693 947 3778 signarunt,
969 3690 1152 3760 seeundum
1170 3717 1271 3786 quant

305 3843 412 3908 omnia
443 3864 526 3932 quae
557 3840 593 3904 in
620 3836 722 3904 indiis
753 3837 906 3906 Orientali
937 3855 969 3905 et
1001 3837 1203 3908 Occidentali
1229 3841 1273 3908 ab

302 4007 442 4081 utraque
464 4006 557 4081 parte
580 4005 654 4055 ante
677 3986 828 4054 diense
851 4011 896 4053 m.
922 3988 1005 4079 dpr.
1029 4005 1124 4082 capta
1146 4005 1268 4074 essent,
1334 3993 1338 4006 “

306 4136 355 4204 vel
377 4137 418 4202 ab
439 4161 476 4203 eo
498 4137 574 4202 inde
595 4136 649 4204 dic
669 4135 741 4226 capi
761 4135 962 4226 potuissent,
984 4137 1246 4206 restituerentur.
