2990 4966
712 509 752 572 81

230 727 361 796 gaverat
383 709 496 777 Comes
524 729 567 776 nn
593 723 871 792 seran-sarrana,
899 731 932 774 se
959 705 1014 774 tali
1040 707 1136 776 modo
1154 711 1208 774 -in-

114 894 118 904 .
228 859 342 928 ducias
366 884 461 954 posse
483 860 617 952 pacisci.
663 857 748 925 Cum
768 875 877 924 autem
897 856 1135 924 foederatorum
1155 881 1206 938 ex·

229 1012 349 1078 ercitus
369 1011 405 1076 in
423 1007 532 1096 Belgio
550 1009 656 1099 impar
675 1023 757 1074 esset
772 1006 945 1091 Francico,
965 1005 998 1074 e't
1016 1003 1112 1093 longe
1126 1028 1207 1098 quo·

232 1180 299 1250 que
326 1158 468 1241 abesset,
496 1172 535 1222 ut
561 1153 703 1222 militum
732 1179 869 1222 numero
898 1172 1073 1239 constaret,
1106 1178 1208 1246 quem

227 1303 392 1370 statuisset
415 1299 528 1368 foedus
550 1301 736 1388 Hatganuna,¹
769 1304 849 1368 urbs
877 1319 975 1395 pacto
999 1319 1136 1393 excepta
1158 1319 1208 1368 cst

227 1467 269 1518 et
289 1447 325 1517 d.
346 1448 366 1516 7
385 1474 430 1516 m.
450 1448 530 1536 Maji
549 1473 583 1518 sc
601 1449 732 1516 Francis
754 1447 893 1518 dedidit.
916 1466 918 1470 '

276 1595 399 1664 Eodem
416 1596 489 1681 die,
507 1621 575 1690 qno
600 1594 750 1666 articulos
773 1599 940 1689 praevios,
956 1595 1206 1676 declarationem

229 1747 439 1834 signaverunt
458 1746 553 1832 legati
572 1745 616 1814 Μ.
636 1747 820 1814 Britanniae
836 1763 868 1812 et
879 1743 1059 1832 Ordinem,
1078 1768 1111 1812 se
1123 1795 1134 1831 ,
1148 1747 1209 1812 etsi

228 1899 353 1965 mentio
372 1895 544 1990 peculiaris
568 1919 638 1963 non
661 1895 746 1963 facta
767 1913 849 1962 esset
870 1893 1039 1961 foederum
1062 1891 1139 1960 olim
1160 1893 1207 1960 in-

230 2063 280 2112 ter
291 2045 461 2114 Franciam
474 2063 506 2111 et
520 2042 656 2112 Ordines
674 2063 706 2111 ct
718 2045 806 2111 inter
820 2043 1009 2134 Hispaniam
1021 2061 1053 2120 ct
1068 2041 1206 2112 Ordines

228 2212 421 2288 pactorum,
443 2201 539 2286 spem
563 2209 672 2259 tamen
685 2190 838 2277 'habere‚
865 2191 934 2258 sore
959 2209 997 2256 nt
1020 2211 1056 2259 ea
1079 2188 1209 2258 foedera

229 2361 266 2410 et
283 2343 463 2434 praecipue
481 2341 677 2416 Francicum
698 2366 726 2407 a.
747 2341 829 2408 1739
847 2357 1098 2426 renovarentur,
1121 2357 1154 2408 et
1170 2358 1208 2408 ut

229 2490 272 2556 ab
294 2489 449 2582 Hispania
472 2488 598 2573 omnia,
622 2513 705 2580 quae
729 2487 773 2554 M.
785 2488 969 2559 Britanniae
989 2485 1081 2557 aliive
1103 2488 1206 2558 cuivis

232 2633 377 2727 populo,
401 2635 498 2726 Reip.
521 2635 617 2702 etiam
636 2635 921 2728 permitterentur,
943 2636 1092 2728 inprimis
1114 2636 1207 2730 quod

227 2784 379 2851 attineret
404 2781 445 2848 ad
472 2781 608 2849 liberam
637 2783 673 2849 in
693 2782 801 2849 Indiae
828 2782 1050 2851 Occidentales
1078 2783 1203 2870 naviga·

229 2931 371 3016 tionem,
394 2931 538 3021 exceptis
565 2932 699 3000 omnino
721 2932 903 2999 Assientina
928 2931 1024 3000 etde
1051 2955 1131 3000 nave
1153 2957 1207 2998 an·

227 3105 294 3151 nna
312 3080 572 3148 concessionibus
582 3110 593 3167 3
616 3081 679 3147 sibi
699 3097 808 3148 autem
825 3080 900 3148 satis
917 3105 1107 3174 persuasum
1119 3104 1202 3165 esse,

225 3231 398 3298 Franciam
418 3230 522 3323 pactis
549 3229 794 3298 conditionibus
819 3255 934 3299 novam
954 3229 1041 3297 hanc
1062 3219 1129 3297 esse
1150 3226 1204 3295 ad-

201 3380 388 3466 dituram,
411 3397 449 3447 ut
473 3380 570 3446 urbes
599 3379 712 3470 Reip,
736 3379 858 3472 quibus
872 3378 1004 3458 ‘anci
1030 3378 1130 3472 potiti
1158 3400 1203 3444 es·

224 3547 312 3615 sent,
335 3529 445 3596 statim
468 3553 507 3602 ea,
531 3526 738 3614 conditione,
761 3554 827 3621 qua
849 3551 941 3596 nnnc
965 3552 998 3595 se
1019 3528 1196 3612 haberent,

223 3674 459 3758 redderentur,
481 3693 517 3743 et
545 3661 738 3744 commercia
758 3676 897 3744 vicissim
925 3675 1091 3767 prohibita
1118 3693 1200 3742 tunc

228 3849 342 3893 rursus
360 3825 429 3894 sore
456 3824 554 3894 licita.

227 4041 230 4050 ,
271 3974 311 4042 Ι).
342 3977 365 4045 4
391 3999 436 4044 m.
465 3973 543 4062 idaji
568 3973 681 4042 Comes
713 3992 757 4039 nn
784 3991 925 4040 Itanum
959 3969 1199 4061 imperatricis-

228 4125 371 4212 Reginae
391 4121 646 4202 nomineedidit
657 4127 934 4216 protestationem
952 4116 1199 4200 commmunia,

1078 4276 1089 4310 ὓ
