2990 4966
667 513 709 576 37

201 721 355 790 saxoniae
373 718 483 787 denuo
505 719 712 788 Sanctionem
732 720 962 806 Pragmaticcm
983 720 1180 809 fidejuberet

197 868 379 937 secundnm
406 884 499 936 urt¹¹¹¹¹
524 870 545 936 2
569 865 705 934 foederis
733 892 761 933 n.
794 869 877 936 1733
903 865 973 934 sine
997 867 1064 978 ullu
1090 860 1203 938 exce?

198 1020 311 1110 ptione
341 1019 420 1108 (art.
450 1017 508 1108 2);
540 1033 580 1084 ut
601 1015 721 1102 Regina
739 1017 796 1103 jus
823 1015 1008 1104 agnosceret
1037 1018 1174 1106 Reginae

198 1164 345 1232 Polonine
370 1167 509 1256 ejusque
535 1155 765 1255 posterorum,
790 1167 956 1234 exstinctis
982 1166 1102 1236 ctsdtt
1129 1169 1174 1234 Vl

198 1313 335 1406 posteris
362 1313 535 1403 utriusque
567 1335 678 1400 sexus,
699 1313 735 1377 in
761 1313 924 1380 Austriom
950 1311 1170 1394 succedendi;

200 1478 296 1528 utre
321 1460 461 1528 invicem
484 1453 585 1551 copiis
608 1459 825 1548 sustinerent}
849 1479 888 1529 ut
911 1461 1025 1528 Russia
1046 1479 1078 1528 ct
1104 1461 1172 1530 Re'x

200 1608 244 1676 Μ.
273 1608 456 1674 Britanniae
483 1626 639 1702 tunquam
663 1601 793 1677 Elector
821 1609 1028 1679 Hennoverae
1058 1612 1172 1680 invita·

200 1773 315 1824 rentur
336 1755 378 1822 ed
399 1755 620 1824 accedendum
641 1757 721 1825 huic
742 1755 876 1825 foederi.

246 1903 393 1972 Articulo
413 1921 560 1996 separato
583 1902 715 1975 centuni
740 1923 806 1992 est,
829 1923 868 1974 nt
896 1902 1093 1998 Respublica
1117 1906 1172 1973 Po·

200 2054 301 2123 lonise
316 2071 500 2148 peteretur,
520 2071 560 2120 ut
578 2070 747 2121 renovaret
758 2065 868 2144 pacta
887 2065 1070 2140 conuenta,
1092 2079 1175 2146 quoe

196 2204 267 2291 jem
288 2225 350 2294 per
374 2198 480 2268 secula
502 2193 589 2266 inter
614 2201 720 2292 ipsum
743 2218 775 2267 et
795 2200 931 2268 domum
953 2201 1100 2268 Austriae
1122 2225 1174 2268 ex·

200 2367 341 2436 sterent,
372 2367 405 2418 et
440 2367 478 2417 ut
508 2343 632 2418 foederi
665 2347 831 2418 accederet
846 2347 849 2358 '
862 2348 953 2420 salvis
977 2350 1108 2438 juribus
1140 2367 1172 2418 et

203 2501 502 2570 constitutionibus.

247 2650 321 2714 Tres
343 2647 494 2734 adjuncti
518 2663 596 2712 sunt
619 2645 746 2714 articuli
775 2648 907 2714 secreti:

250 2797 281 2862 1ο
301 2792 427 2861 bellum
449 2790 540 2885 quod
561 2817 653 2860 nunc
676 2795 848 2880 gerebatur
871 2793 1036 2884 excipitur
1059 2817 1077 2859 e
1100 2816 1175 2862 casu

164 2976 168 2984 ·
202 2941 358 3029 foederis,

247 3097 284 3162 2⁰
304 3093 332 3159 si
356 3089 484 3158 Elector
512 3085 682 3158 consilium
707 3089 813 3182 cupiat
840 3111 917 3156 cunr
943 3086 1038 3156 sociis
1061 3106 1172 3158 contro
1197 3071 1198 3076 ¹

200 3239 370 3308 Francirnr
391 3237 533 3306 bellandi
555 3237 605 3304 vel
628 3237 713 3306 ultre
732 3241 820 3309 6000
843 3237 984 3306 militnm
1001 3242 1169 3332 praebent,

199 3388 320 3478 Regina
339 3387 388 3455 illi
411 3386 579 3456 commodo
601 3387 744 3480 spondet
770 3409 832 3478 pro
854 3405 923 3456 reto
946 3407 1060 3480 parte,

244 3543 280 3608 3·
301 3537 442 3609 Electori
461 3537 543 3605 liber
560 3538 762 3629 permittitur
776 3537 929 3604 transitus
946 3562 964 3605 e
979 3537 1115 3609 Saxonis
1133 3541 1169 3606 in
1207 3523 1209 3528 ¹

156 3671 160 3680 ¹
200 3685 365 3756 Polonium
387 3681 463 3755 curn
485 3687 638 3754 comitutu
665 3687 748 3756 1200
769 3683 919 3754 militnm.

244 3835 328 3904 Cum
350 3847 414 3904 ort·
437 3836 577 3923 2bujus
599 3833 736 3903 foederis
761 3857 829 3902 non
851 3831 1095 3921 ufidcjussione
1116 3855 1170 3898 ex·

198 3987 384 4075 ciperentur
412 3986 568 4051 cessiones
595 3986 698 4076 pectis
730 3981 936 4052 Vrotislnvice
962 3999 995 4048 et
1022 3977 1164 4093 Berolini
1211 3983 1212 3988 ’

197 4136 273 4217 Regi
298 4135 463 4202 llorussiae
491 4134 610 4217 sactae,
635 4133 690 4200 hic
721 4135 754 4196 in
780 4131 964 4222 suspicione
988 4128 1087 4221 quum
1116 4126 1164 4193 1111
