2990 4966
779 477 817 542 12

308 705 461 774 quaeque
480 680 608 749 Elector
631 699 810 749 soscmnus
832 679 1032 750 ssrormcns
1054 709 1082 749 a.
1108 685 1192 754 1607
1215 683 1281 751 filio
1294 718 1303 790 J

304 830 431 916 juniori
463 847 580 898 socom
612 847 770 898 crotera·
789 826 983 916 donaverat,
1020 853 1097 900 cum
1130 831 1186 900 hic
1218 856 1281 923 pro

305 977 449 1046 Electore
470 976 629 1062 Palatino,
657 975 743 1062 Rege
766 948 938 1044 Bohemiae
963 973 1087 1063 electo,
1110 1001 1198 1046 arma
1219 1001 1283 1066 ges·

304 1125 412 1212 sisset,
439 1151 458 1192 a
480 1143 690 1194 rsttottttttlto
710 1125 743 1192 11
765 1125 964 1218 Imperatore
981 1144 1075 1194 erant
1095 1126 1270 1220 publicata.

306 1291 511 1344 strotstcus
527 1272 559 1341 11
581 1270 817 1358 contendebat,
838 1273 1001 1360 injustum
1021 1272 1134 1361 inisse,
1156 1276 1279 1344 etiamsi
1389 1375 1392 1382 Δ

303 1443 445 1494 sotanis
476 1442 638 1492 csossms
681 1420 812 1516 culpam
855 1422 1089 1508 contraxisset,
1129 1446 1193 1515 pro
1237 1447 1275 1490 eo

303 1593 423 1663 poenas
446 1570 534 1637 luere
562 1569 684 1650 filium,
714 1594 815 1663 quem
841 1569 992 1654 haberet,
1017 1570 1195 1654 minorem,
1227 1568 1277 1639 vei

302 1717 398 1785 etiam
419 1715 535 1784 linem
558 1715 781 1805 Brandeburgi
809 1714 1040 1784 Electoralema
1064 1733 1162 1808 pacta
1186 1717 1275 1782 enim

302 1866 437 1936 familiae
464 1866 564 1955 hujus
590 1867 790 1959 prohibere,
823 1890 891 1958 quo
906 1866 1032 1970 ‘minus
1066 1866 1136 1953 ejus
1172 1863 1273 1934 domi·

302 2018 356 2082 nia
384 2017 420 2082 in
450 2032 651 2108 perpetuum
680 2013 917 2100 alienarentur,
947 2015 1058 2106 itaque
1085 2013 1274 2082 Garnoviam

301 2162 343 2230 ad
363 2161 482 2230 lineam
508 2161 719 2232 Electoralem
749 2160 855 2230 redire
883 2161 1019 2248 debere,
1042 2163 1068 2230 si
1090 2163 1276 2254 exstingue-¹

299 2292 519 2384 setur'altera.

344 2460 488 2530 Ducatus
517 2459 675 2546 Lignicii,
717 2459 834 2547 Bregaa
865 2476 898 2526 et
931 2456 1097 2546 Volaviae,
1141 2475 1270 2528 mortuo

298 2607 414 2678 ultimo
433 2608 525 2676 Duce
552 2608 687 2695 lignicii
715 2607 858 2694 Piasta,
881 2605 996 2675 domus
1024 2599 1268 2698 Brandebnrgia

298 2774 532 2851 expoposcemt
552 2775 590 2826 ut
609 2780 683 2826 snos
702 2755 802 2826 factos
821 2758 853 2825 vi
866 2762 967 2849 pacti
977 2758 1269 2844 confraternitatis

298 2907 386 2977 inter
399 2908 506 2974 ambas
526 2905 658 2974 familias
677 2930 705 2974 a.
722 2909 804 2976 1537
820 2905 976 2974 conclusi.
1012 2906 1117 2976 Duces
1130 2907 1270 2994 lignicii

297 3051 512 3139 s.1329,ad
539 3077 641 3145 quem
666 3077 773 3145 usque
795 3077 917 3122 annum
943 3057 1062 3122 summi
1081 3055 1118 3124 in
1143 3080 1201 3124 sua
1224 3053 1271 3122 di·

300 3208 385 3274 tione
405 3207 597 3297 imperantes
622 3204 766 3289 fuerant,
789 3226 822 3269 se
845 3177 977 3273 vasallos⁸
998 3205 1077 3292 Regi
1096 3204 1270 3274 Bohemiae

296 3355 473 3443 dederant,
506 3353 593 3425 salvo
620 3374 728 3424 tamen
748 3356 843 3443 jure,
875 3374 913 3425 ut
939 3356 980 3424 de
1005 3358 1205 3426 successione
1232 3358 1269 3424 in

238 3585 239 3590 γ
298 3507 441 3575 Ducatus
466 3529 539 3573 suos
554 3503 656 3573 libere
673 3504 895 3598 disponerent.
941 3506 1026 3591 Quos
1047 3531 1123 3574 cnm
1142 3507 1270 3574 Austris

298 3652 511 3723 nihilominus
524 3653 589 3721 sihi
601 3653 818 3741 adjunxisset,
840 3653 882 3722 ad
900 3653 991 3722 litem
1011 3653 1270 3747 componendam

297 3832 325 3873 a.
350 3806 432 3874 1686
453 3828 530 3872 cum
552 3801 700 3871 Electore
721 3823 908 3872 rsnonsuco
929 3825 1106 3874 comneno
1125 3807 1266 3898 pepigit,

296 3973 334 4022 ut
359 3952 412 4020 ille
430 3955 508 4041 jura
528 3977 585 4019 sua
606 3953 641 4019 in
664 3951 751 4021 illam
773 3953 899 4023 Silcsiae
922 3974 1049 4046 partem
1071 3953 1264 4040 dimitteret,

296 4118 327 4167 et
351 4101 512 4171 circulum
527 4099 698 4170 Schwihus
720 4120 830 4174 contra
852 4123 1140 4198 consequereretur
1166 4103 1289 4194 (levis-v
