2990 4966
15 1109 49 1150 's

669 553 709 615 63

62 752 67 762 ’
92 771 94 776 ’
204 761 292 828 cicae
308 763 535 845 co'u‘sent'anea,
553 755 676 828 scilicet
689 770 727 825 ut
744 762 778 824 1⁰
789 755 924 844 auxilia,
945 760 1176 850 quaeFraueie

104 901 106 906 ’
174 887 282 976 ‘olim
301 907 448 976 Bavariae
465 907 682 999 promisisset,
706 929 774 973 non
795 906 934 1000 amplius
953 887 1067 975 deheri
1086 909 1178 978 intel·

200 1027 401 1146 'figmentum
439 1081 519 1149 pace
552 1058 622 1144 jam
649 1058 737 1130 inter
767 1055 930 1123 Austriam
954 1073 987 1124 et
1014 1055 1178 1125 Bavariem

200 1207 344 1299 patrata,
369 1209 404 1272 2⁰
425 1204 561 1272 Francia
584 1203 676 1274 nulla'
697 1203 930 1296 impedimenta
953 1205 1177 1296 interponeret

200 1353 320 1421 liberae
345 1312 551 1446 Imperatoris
575 1352 743 1439 electioni,
766 1352 864 1420 modo
888 1355 986 1421 ceteri
1008 1353 1177 1446 Principes

203 1501 350 1569 similiter
368 1521 517 1590 agerent,
540 1507 576 1571 3⁰
597 1503 665 1570 Rex
689 1501 782 1595 quod
801 1504 953 1571 attineret
974 1501 1016 1569 ad
1034 1501 1179 1590 Belgium

203 1653 430 1739 Austriacum,
462 1651 555 1722 facile
583 1677 659 1720 cum
679 1649 867 1722 ‘Ordinibus
902 1655 1114 1735 consentiret,
1143 1657 1179 1722 Ψ

200 1801 354 1895 Hispania
381 1825 458 1869 cum
493 1799 606 1886 Anglia
627 1800 795 1892 pacificari
811 1801 950 1892 posset,
975 1802 1003 1866 si
1028 1791 1095 1887 illi,
1120 1803 1176 1889 jus

203 1974 301 2017 suum
320 1951 355 2015 in
376 1947 590 2017 hereditatem
611 1948 814 2016 Austriacam
835 1948 1030 2035 dimittenti,
1055 1950 1181 2018 territo·

205 2101 292 2166 rium
319 2097 407 2165 aliud
435 2096 605 2189 quoddam
633 2095 886 2182 concederetur,
917 2115 950 2164 et
978 2115 1090 2165 contra
1117 2099 1179 2166 An·

204 2247 283 2335 gliae
307 2247 467 2341 quaedam
490 2245 659 2313 commoda
685 2245 726 2313 ad
755 2247 989 2332 navigationem
1012 2247 1047 2312 iu
1070 2244 1177 2314 indies

206 2393 427 2466 Occidentales
452 2397 738 2487 permitterentur,
762 2401 798 2464 5⁰
818 2394 953 2462 Francia
976 2397 1077 2462 socios
1101 2418 1175 2486 suos

204 2546 313 2612 vexari
343 2544 428 2610 serre
458 2568 527 2610 non
558 2562 735 2629 cogeretur.
780 2545 821 2611 Et
846 2542 956 2637 paullo
983 2562 1059 2637 post
1082 2529 1178 2612 atiani

203 2690 346 2776 addidit,
369 2691 488 2776 Regem
505 2688 589 2755 nihil
605 2691 668 2756 sibi
686 2689 784 2776 Belgii
801 2694 941 2758 retinere
959 2691 1054 2778 velle,
1074 2689 1173 2760 modo

205 2865 272 2908 non
290 2857 456 2933 pateretur
477 2857 515 2906 ut
533 2837 667 2928 disjecta
686 2841 812 2908 moenia
830 2839 996 2926 reficeret,
1012 2848 1051 2906 'se
1068 2859 1177 2908 autem

205 2989 246 3055 de
266 2989 399 3074 regione
415 2988 586 3080 Hispaniae
606 2985 813 3055 concedenda
832 2990 987 3056 nonsatis
1007 2991 1174 3056 conscium

203 3163 288 3226 esse,
312 3138 369 3206 sed
388 3137 429 3206 de
447 3139 509 3207 hac
527 3164 562 3206 re
584 3163 661 3206 cum
679 3138 782 3228 legato
802 3141 979 3233 Hispanico
997 3167 1064 3210 esse
1085 3165 1177 3230 agen·

203 3289 303 3376 dum,
327 3314 429 3383 porro
450 3288 491 3357 ad
514 3315 629 3384 pacem
647 3291 910 3386 persequendam
932 3315 1061 3361 necesse
1088 3317 1173 3382 esse,

202 3459 240 3508 ut
264 3441 355 3510 locus
383 3443 569 3528 congressui
598 3459 693 3532 aptus
723 3440 919 3530 designetur.
971 3443 1177 3536 Responsum

204 3592 280 3660 tulit
305 3594 347 3658 ab
376 3590 553 3660 Ordinibus
585 3590 791 3659 Generalibus
825 3593 929 3685 (quod
965 3595 1058 3684 prius
1094 3595 1179 3660 inter

206 3737 345 3808 Ordines
364 3737 551 3807 Hollandiac
569 3740 805 3831 convenisset):
854 3739 990 3808 Ordines
1009 3738 1099 3833 apud
1120 3739 1180 3806 Re-

205 3907 277 3972 gem
302 3887 442 3974 instare,
474 3907 512 3956 ut
546 3912 597 3955 eos
632 3890 783 3956 certiores
815 3887 936 3954 iaceret
965 3885 1007 3952 de
1037 3884 1177 3953 consiliis

205 4038 289 4121 suis,
314 4061 397 4131 quae
418 4063 495 4106 cum
516 4039 610 4106 sociis
635 4037 919 4112 communicarent·
934 4052 967 4102 et
988 4031 1029 4099 de
1051 4034 1173 4128 quibus

206 4183 433 4253 deliberarent.
477 4186 538 4254 Res
557 4211 636 4255 vero
660 4188 791 4254 remisse
813 4211 831 4252 a
853 4185 937 4269 Rege
958 4202 1094 4252 trueteta
1113 4203 1177 4272 est,
