2990 4966
768 543 810 607 to

349 742 454 814 Simul
480 745 549 812 Rex
581 743 711 832 Angliae
744 743 882 814 Ordines
907 745 1074 815 Generelec
1096 767 1130 818 ct
1154 748 1288 820 Electo‘

304 915 354 960 res
378 893 532 962 Soxoniae
558 911 590 962 et
618 893 843 982 Brandeburgi
864 898 1008 984 monuit,
1031 915 1069 964 ut
1092 897 1274 966 seeundum

301 1038 432 1108 foedera
461 1059 557 1133 pacta
577 1041 722 1110 subsidia
749 1061 960 1134 praestarent.
1005 1043 1142 1113 Ordines
1166 1047 1275 1114 eonti-

304 1213 372 1257 uuo
394 1188 528 1258 classem
546 1189 666 1258 auxilio
684 1192 856 1280 miserunt,
879 1191 937 1259 sed
958 1194 1081 1280 rogati,'
1097 1213 1137 1262 nt
1157 1219 1273 1288 paoem

303 1364 439 1444 qnoque
472 1365 549 1408 cum
576 1341 712 1409 Francia
733 1361 946 1434 rumperent,
979 1343 1065 1411 sieut
1090 1341 1207 1410 foedus
1233 1341 1270 1411 αἱ.

311 1490 394 1559 1678
411 1492 478 1581 (i),
499 1489 590 1583 quod
608 1509 702 1582 pacta
720 1492 891 1560 novissima
907 1492 1170 1579 confirmassent,
1185 1516 1274 1585 prae·

303 1639 440 1729 ciperet,
463 1638 702 1731 responderunt
719 1664 753 1706 se
772 1639 812 1706 ad
834 1638 957 1706 bellom
973 1642 1107 1709 minime
1122 1641 1275 1710 inclinari

302 1805 335 1854 et
362 1786 543 1873 intervallo,
577 1787 669 1880 quod
697 1787 759 1854 illis
787 1811 977 1856 concessum
1003 1809 1106 1876 esset,
1137 1815 1271 1878 usuros,
1346 1785 1352 1790 ⁵

302 1957 340 2006 ut
358 1936 399 2004 de
412 1963 492 2032 paee
505 1938 705 2006 restituenda
719 1939 956 2028 experirentur.
979 1936 1106 2006 Elector
1120 1939 1272 2007 Senoniae

301 2091 397 2156 etiam
410 2113 443 2155 se
457 2087 687 2156 auxiliaturum
702 2111 768 2155 esse
782 2085 982 2180 spopondit,
1004 2086 1061 2154 sed
1074 2088 1142 2155 Rex
1156 2087 1274 2156 Borus·

298 2239 360 2305 siae
382 2262 415 2304 se
434 2264 451 2304 a
471 2255 586 2305 neutra
607 2253 699 2328 parte
717 2235 869 2304 futurum
886 2235 1092 2322 significavit,
1116 2236 1274 2330 quamdin

299 2385 388 2452 nulia
418 2387 519 2474 hujus
553 2384 680 2454 consilii
708 2383 858 2450 mutandi
889 2408 982 2451 causa
1013 2383 1062 2450 ilii
1094 2387 1136 2451 ab
1162 2383 1274 2477 aliquo

299 2534 485 2602 Germaniae
513 2533 664 2624 Principe
694 2533 923 2624 praebereture
955 2555 997 2598 ex
1020 2533 1141 2623 quibus
1163 2531 1273 2600 sutura

297 2686 368 2772 jam
390 2681 556 2776 provideri
582 2700 728 2784 possent

348 2833 396 2900 De
419 2835 462 2901 26
481 2857 526 2900 m.
549 2832 631 2924 dpr.
654 2831 800 2898 Austriae
821 2828 945 2897 bellum
964 2855 982 2895 e
998 2829 1132 2898 Francia
1149 2831 1275 2898 denun-

307 2982 422 3049 tiatum
448 3000 515 3050 est:
554 2981 738 3048 Lunottcus
762 2977 930 3070 XV'nulae
953 2979 1131 3046 Viennensi
1148 2956 1278 3066 objicie-

307 3129 364 3194 hat
382 3125 506 3194 libellos
526 3125 686 3192 calumnia
706 3145 738 3193 et
755 3124 875 3192 malitia
893 3127 929 3192 in
947 3126 1115 3200 Franciam
1135 3125 1275 3218 repletos

306 3276 348 3340 ab
379 3274 449 3365 ipso
475 3297 536 3365 per
564 3273 728 3366 Europam
751 3297 898 3365 sparsos,
929 3275 1156 3342 conventiones
1183 3273 1278 3342 viola·

303 3441 371 3507 tas,
412 3423 555 3514 captivos
589 3421 761 3490 Francicos
800 3437 945 3507 vexatos,
980 3422 1199 3514 irruptionem
1237 3423 1274 3489 in

300 3571 459 3642 ¹disatiam
482 3572 601 3640 factam
621 3590 653 3641 et
676 3572 828 3640 Franciae
849 3569 997 3640 subditos
1026 3572 1169 3662 Imperio
1199 3594 1274 3640 con·

325 3893 368 3964 (l)
401 3895 455 3944 iioo
485 3887 588 3949 foedere
615 3896 718 3944 cautum
742 3897 814 3955 erat,
841 3899 872 3942 ut
895 3896 1075 3956 Panhormos,
1095 3896 1117 3945 si
1133 3894 1283 3946 alterutrum

398 3991 479 4042 hostis
505 3991 699 4057 aggrederetur,
730 4007 758 4042 se
791 3992 898 4043 invicem
923 3993 1090 4044 defenderent
1114 3999 1142 4044 at
1166 4008 1282 4060 eggresso

399 4091 494 4142 beilum
516 4090 659 4144 indicerent
674 4091 741 4142 tinoa.
757 4097 816 4158 post
836 4107 933 4144 meum
951 4109 1025 4157 quant
1043 4093 1068 4143 id
1087 4111 1101 4143 a
1118 4095 1187 4144 socio
1208 4107 1281 4162 rogn-

396 4192 449 4238 tum
469 4190 567 4242 suisset.
