<?xml version="1.0" encoding="UTF-8"?>
<!DOCTYPE html PUBLIC "-//W3C//DTD XHTML 1.0 Transitional//EN"
    "http://www.w3.org/TR/xhtml1/DTD/xhtml1-transitional.dtd">
<html xmlns="http://www.w3.org/1999/xhtml" xml:lang="en" lang="en">
 <head>
  <title>
</title>
<meta http-equiv="Content-Type" content="text/html;charset=utf-8" />
  <meta name='ocr-system' content='tesseract 3.04.00' />
  <meta name='ocr-capabilities' content='ocr_page ocr_carea ocr_par ocr_line ocrx_word'/>
</head>
<body>
  <div class='ocr_page' id='page_1' title='image "./dissertatiopoli00volcgoog_0112.png"; bbox 0 0 2990 4966; ppageno 0'>
   <div class='ocr_carea' id='block_1_1' title="bbox 769 520 829 586">
    <p class='ocr_par' dir='ltr' id='par_1_1' title="bbox 769 520 829 586">
     <span class='ocr_line' id='line_1_1' title="bbox 769 520 829 586; baseline 0.067 -4"><span class='ocrx_word' id='word_1_1' title='bbox 769 520 829 586; x_wconf 94' lang='grc'><strong>100</strong></span> 
     </span>
    </p>
   </div>
   <div class='ocr_carea' id='block_1_2' title="bbox 316 717 1391 1410">
    <p class='ocr_par' dir='ltr' id='par_1_2' title="bbox 316 717 1391 1410">
     <span class='ocr_line' id='line_1_2' title="bbox 320 717 1291 808; baseline 0.001 -17"><span class='ocrx_word' id='word_1_2' title='bbox 320 743 397 791; x_wconf 87' lang='lat' dir='ltr'>eum</span> <span class='ocrx_word' id='word_1_3' title='bbox 415 743 538 791; x_wconf 85' lang='lat' dir='ltr'>novum</span> <span class='ocrx_word' id='word_1_4' title='bbox 551 717 673 788; x_wconf 87' lang='lat' dir='ltr'>bellum</span> <span class='ocrx_word' id='word_1_5' title='bbox 685 717 851 790; x_wconf 83' lang='lat' dir='ltr'>videretur</span> <span class='ocrx_word' id='word_1_6' title='bbox 871 720 1054 808; x_wconf 89' lang='lat' dir='ltr'>oriturum,</span> <span class='ocrx_word' id='word_1_7' title='bbox 1074 719 1291 792; x_wconf 81' lang='lat' dir='ltr'>distensiones</span> 
     </span>
     <span class='ocr_line' id='line_1_3' title="bbox 317 867 1290 942; baseline -0.001 -2"><span class='ocrx_word' id='word_1_8' title='bbox 317 895 405 942; x_wconf 82' lang='lat' dir='ltr'>novo</span> <span class='ocrx_word' id='word_1_9' title='bbox 423 869 551 940; x_wconf 83' lang='lat' dir='ltr'>loedere</span> <span class='ocrx_word' id='word_1_10' title='bbox 564 869 746 940; x_wconf 83' lang='lat' dir='ltr'>ldadritano</span> <span class='ocrx_word' id='word_1_11' title='bbox 759 867 793 938; x_wconf 89' lang='lat' dir='ltr'>d.</span> <span class='ocrx_word' id='word_1_12' title='bbox 808 875 885 940; x_wconf 75' lang='lat' dir='ltr'>dm.</span> <span class='ocrx_word' id='word_1_13' title='bbox 896 868 969 938; x_wconf 81' lang='lat' dir='ltr'>Oct.</span> <span class='ocrx_word' id='word_1_14' title='bbox 992 895 1021 937; x_wconf 88' lang='lat' dir='ltr'>a.</span> <span class='ocrx_word' id='word_1_15' title='bbox 1048 871 1132 942; x_wconf 75' lang='lat'><strong>1750</strong></span> <span class='ocrx_word' id='word_1_16' title='bbox 1149 888 1290 940; x_wconf 86' lang='lat' dir='ltr'>remotae</span> 
     </span>
     <span class='ocr_line' id='line_1_4' title="bbox 316 1015 1292 1112; baseline 0 -25"><span class='ocrx_word' id='word_1_17' title='bbox 316 1036 412 1106; x_wconf 82' lang='lat' dir='ltr'>sunt,</span> <span class='ocrx_word' id='word_1_18' title='bbox 433 1043 502 1112; x_wconf 92' lang='lat' dir='ltr'>quo</span> <span class='ocrx_word' id='word_1_19' title='bbox 515 1015 628 1106; x_wconf 73' lang='lat' dir='ltr'>Anglia</span> <span class='ocrx_word' id='word_1_20' title='bbox 640 1018 682 1086; x_wconf 89' lang='lat' dir='ltr'>de</span> <span class='ocrx_word' id='word_1_21' title='bbox 695 1019 786 1086; x_wconf 86' lang='lat' dir='ltr'>omni</span> <span class='ocrx_word' id='word_1_22' title='bbox 795 1020 896 1107; x_wconf 84' lang='lat' dir='ltr'>jure,</span> <span class='ocrx_word' id='word_1_23' title='bbox 919 1017 1012 1112; x_wconf 87' lang='lat' dir='ltr'>quod</span> <span class='ocrx_word' id='word_1_24' title='bbox 1025 1041 1065 1086; x_wconf 86' lang='lat' dir='ltr'>ex</span> <span class='ocrx_word' id='word_1_25' title='bbox 1078 1017 1134 1086; x_wconf 93' lang='lat' dir='ltr'>illo</span> <span class='ocrx_word' id='word_1_26' title='bbox 1153 1019 1292 1088; x_wconf 89' lang='lat' dir='ltr'>articulo</span> 
     </span>
     <span class='ocr_line' id='line_1_5' title="bbox 318 1151 1391 1261; baseline -0.004 -25"><span class='ocrx_word' id='word_1_27' title='bbox 318 1170 470 1254; x_wconf 84' lang='lat' dir='ltr'>haberet,</span> <span class='ocrx_word' id='word_1_28' title='bbox 495 1165 689 1255; x_wconf 76' lang='lat' dir='ltr'>decederet,</span> <span class='ocrx_word' id='word_1_29' title='bbox 712 1184 745 1236; x_wconf 90' lang='lat' dir='ltr'>et</span> <span class='ocrx_word' id='word_1_30' title='bbox 768 1168 921 1261; x_wconf 80' lang='lat' dir='ltr'>Hispania</span> <span class='ocrx_word' id='word_1_31' title='bbox 938 1187 1002 1260; x_wconf 91' lang='lat' dir='ltr'>pro</span> <span class='ocrx_word' id='word_1_32' title='bbox 1021 1168 1112 1234; x_wconf 87' lang='lat' dir='ltr'>omui</span> <span class='ocrx_word' id='word_1_33' title='bbox 1131 1189 1203 1235; x_wconf 87' lang='lat' dir='ltr'>aere</span> <span class='ocrx_word' id='word_1_34' title='bbox 1220 1165 1293 1233; x_wconf 89' lang='lat' dir='ltr'>alie·</span> <span class='ocrx_word' id='word_1_35' title='bbox 1386 1151 1391 1160; x_wconf 64' lang='grc'><strong>’</strong></span> 
     </span>
     <span class='ocr_line' id='line_1_6' title="bbox 317 1314 1290 1410; baseline -0.004 -25"><span class='ocrx_word' id='word_1_36' title='bbox 317 1333 381 1406; x_wconf 83' lang='grc' dir='ltr'><strong>ιιο,’</strong></span> <span class='ocrx_word' id='word_1_37' title='bbox 403 1315 495 1410; x_wconf 89' lang='lat' dir='ltr'>qnod</span> <span class='ocrx_word' id='word_1_38' title='bbox 512 1343 530 1384; x_wconf 90' lang='lat' dir='ltr'>a</span> <span class='ocrx_word' id='word_1_39' title='bbox 547 1317 702 1386; x_wconf 77' lang='lat' dir='ltr'>societate</span> <span class='ocrx_word' id='word_1_40' title='bbox 722 1314 856 1402; x_wconf 72' lang='lat' dir='ltr'>Anglica</span> <span class='ocrx_word' id='word_1_41' title='bbox 874 1315 1054 1384; x_wconf 77' lang='lat' dir='ltr'>daslentint</span> <span class='ocrx_word' id='word_1_42' title='bbox 1072 1314 1290 1408; x_wconf 89' lang='lat' dir='ltr'>repetendum</span> 
     </span>
    </p>
   </div>
   <div class='ocr_carea' id='block_1_3' title="bbox 318 1461 1291 1549">
    <p class='ocr_par' dir='ltr' id='par_1_3' title="bbox 318 1461 1291 1549">
     <span class='ocr_line' id='line_1_7' title="bbox 318 1461 1291 1549; baseline 0.004 -17"><span class='ocrx_word' id='word_1_43' title='bbox 318 1480 419 1549; x_wconf 82' lang='lat' dir='ltr'>esset,</span> <span class='ocrx_word' id='word_1_44' title='bbox 448 1463 534 1532; x_wconf 89' lang='lat' dir='ltr'>iutra</span> <span class='ocrx_word' id='word_1_45' title='bbox 560 1481 625 1532; x_wconf 81' lang='lat' dir='ltr'>tres</span> <span class='ocrx_word' id='word_1_46' title='bbox 657 1487 780 1532; x_wconf 82' lang='lat' dir='ltr'>meuses</span> <span class='ocrx_word' id='word_1_47' title='bbox 807 1486 967 1533; x_wconf 85' lang='lat' dir='ltr'>summam</span> <span class='ocrx_word' id='word_1_48' title='bbox 996 1461 1135 1534; x_wconf 81' lang='lat' dir='ltr'>solveret</span> <span class='ocrx_word' id='word_1_49' title='bbox 1162 1467 1291 1536; x_wconf 93' lang='grc'><strong>100000</strong></span> 
     </span>
    </p>
   </div>
   <div class='ocr_carea' id='block_1_4' title="bbox 191 1609 1292 2148">
    <p class='ocr_par' dir='ltr' id='par_1_4' title="bbox 191 1609 1292 2148">
     <span class='ocr_line' id='line_1_8' title="bbox 318 1609 467 1682; baseline -0.007 -3"><span class='ocrx_word' id='word_1_50' title='bbox 318 1612 350 1679; x_wconf 82' lang='lat' dir='ltr'>tt</span> <span class='ocrx_word' id='word_1_51' title='bbox 370 1609 467 1682; x_wconf 86' lang='lat' dir='ltr'>Sterl.</span> 
     </span>
     <span class='ocr_line' id='line_1_9' title="bbox 191 1727 1286 1862; baseline -0.003 -33"><span class='ocrx_word' id='word_1_52' title='bbox 191 1727 195 1740; x_wconf 30' lang='lat'>⁸</span> <span class='ocrx_word' id='word_1_53' title='bbox 358 1759 403 1828; x_wconf 85' lang='lat' dir='ltr'>ld.</span> <span class='ocrx_word' id='word_1_54' title='bbox 430 1759 596 1826; x_wconf 72' lang='lat' dir='ltr'><strong>Britannia</strong></span> <span class='ocrx_word' id='word_1_55' title='bbox 619 1775 777 1850; x_wconf 85' lang='lat' dir='ltr'>tanquam</span> <span class='ocrx_word' id='word_1_56' title='bbox 802 1755 990 1862; x_wconf 83' lang='lat' dir='ltr'>aequilibrii</span> <span class='ocrx_word' id='word_1_57' title='bbox 1016 1755 1145 1850; x_wconf 85' lang='lat' dir='ltr'><strong>politici</strong></span> <span class='ocrx_word' id='word_1_58' title='bbox 1165 1753 1286 1826; x_wconf 80' lang='lat' dir='ltr'>vindex</span> 
     </span>
     <span class='ocr_line' id='line_1_10' title="bbox 314 1891 1292 1998; baseline -0.002 -26"><span class='ocrx_word' id='word_1_59' title='bbox 314 1907 481 1976; x_wconf 61' lang='lat' dir='ltr'>universae</span> <span class='ocrx_word' id='word_1_60' title='bbox 494 1905 642 1998; x_wconf 78' lang='lat' dir='ltr'><strong>Europae</strong></span> <span class='ocrx_word' id='word_1_61' title='bbox 661 1922 864 1997; x_wconf 77' lang='lat' dir='ltr'><strong>quantopere</strong></span> <span class='ocrx_word' id='word_1_62' title='bbox 885 1891 1085 1992; x_wconf 81' lang='lat' dir='ltr'>consuleret,</span> <span class='ocrx_word' id='word_1_63' title='bbox 1107 1905 1142 1970; x_wconf 88' lang='lat' dir='ltr'>in</span> <span class='ocrx_word' id='word_1_64' title='bbox 1156 1923 1292 1997; x_wconf 89' lang='lat' dir='ltr'>promtu</span> 
     </span>
     <span class='ocr_line' id='line_1_11' title="bbox 315 2052 1292 2148; baseline -0.002 -24"><span class='ocrx_word' id='word_1_65' title='bbox 315 2073 363 2126; x_wconf 90' lang='lat' dir='ltr'>est</span> <span class='ocrx_word' id='word_1_66' title='bbox 369 2085 381 2144; x_wconf 82' lang='lat'>3</span> <span class='ocrx_word' id='word_1_67' title='bbox 406 2081 473 2148; x_wconf 90' lang='lat' dir='ltr'>qua</span> <span class='ocrx_word' id='word_1_68' title='bbox 492 2073 601 2124; x_wconf 88' lang='lat' dir='ltr'>autem</span> <span class='ocrx_word' id='word_1_69' title='bbox 617 2055 668 2125; x_wconf 88' lang='lat' dir='ltr'>via</span> <span class='ocrx_word' id='word_1_70' title='bbox 684 2053 952 2147; x_wconf 79' lang='lat' dir='ltr'>progrederetur,</span> <span class='ocrx_word' id='word_1_71' title='bbox 975 2079 1043 2122; x_wconf 90' lang='lat' dir='ltr'>nou</span> <span class='ocrx_word' id='word_1_72' title='bbox 1061 2077 1164 2147; x_wconf 90' lang='lat' dir='ltr'>aeque</span> <span class='ocrx_word' id='word_1_73' title='bbox 1182 2052 1292 2145; x_wconf 90' lang='lat' dir='ltr'>placet</span> 
     </span>
    </p>
   </div>
   <div class='ocr_carea' id='block_1_5' title="bbox 312 2200 1287 2296">
    <p class='ocr_par' dir='ltr' id='par_1_5' title="bbox 312 2200 1287 2296">
     <span class='ocr_line' id='line_1_12' title="bbox 312 2200 1287 2296; baseline 0 -25"><span class='ocrx_word' id='word_1_74' title='bbox 312 2229 376 2272; x_wconf 89' lang='lat' dir='ltr'>nec</span> <span class='ocrx_word' id='word_1_75' title='bbox 403 2203 542 2296; x_wconf 80' lang='lat' dir='ltr'>profuit.</span> <span class='ocrx_word' id='word_1_76' title='bbox 587 2200 747 2273; x_wconf 86' lang='lat' dir='ltr'>Subsidiia</span> <span class='ocrx_word' id='word_1_77' title='bbox 775 2204 865 2268; x_wconf 89' lang='lat' dir='ltr'>euim</span> <span class='ocrx_word' id='word_1_78' title='bbox 887 2203 986 2290; x_wconf 87' lang='lat' dir='ltr'>magis</span> <span class='ocrx_word' id='word_1_79' title='bbox 1015 2227 1116 2295; x_wconf 84' lang='lat' dir='ltr'>quam</span> <span class='ocrx_word' id='word_1_80' title='bbox 1142 2203 1287 2294; x_wconf 86' lang='lat' dir='ltr'>propriis</span> 
     </span>
    </p>
   </div>
   <div class='ocr_carea' id='block_1_6' title="bbox 312 2331 1288 2444">
    <p class='ocr_par' dir='ltr' id='par_1_6' title="bbox 312 2331 1288 2444">
     <span class='ocr_line' id='line_1_13' title="bbox 312 2331 1288 2444; baseline -0.003 -21"><span class='ocrx_word' id='word_1_81' title='bbox 312 2354 437 2424; x_wconf 83' lang='lat' dir='ltr'>viribus</span> <span class='ocrx_word' id='word_1_82' title='bbox 460 2369 547 2419; x_wconf 84' lang='lat' dir='ltr'>terra</span> <span class='ocrx_word' id='word_1_83' title='bbox 564 2331 721 2436; x_wconf 79' lang='lat' dir='ltr'>bellalrat,</span> <span class='ocrx_word' id='word_1_84' title='bbox 743 2350 872 2442; x_wconf 85' lang='lat' dir='ltr'>itaque,</span> <span class='ocrx_word' id='word_1_85' title='bbox 897 2375 974 2417; x_wconf 91' lang='lat' dir='ltr'>cum</span> <span class='ocrx_word' id='word_1_86' title='bbox 986 2349 1144 2444; x_wconf 77' lang='lat' dir='ltr'>pleraque</span> <span class='ocrx_word' id='word_1_87' title='bbox 1159 2351 1288 2438; x_wconf 83' lang='lat' dir='ltr'>Regna,</span> 
     </span>
    </p>
   </div>
   <div class='ocr_carea' id='block_1_7' title="bbox 250 2503 1290 4080">
    <p class='ocr_par' dir='ltr' id='par_1_7' title="bbox 250 2503 1290 3190">
     <span class='ocr_line' id='line_1_14' title="bbox 314 2503 1289 2599; baseline 0.002 -27"><span class='ocrx_word' id='word_1_88' title='bbox 314 2505 495 2599; x_wconf 75' lang='lat' dir='ltr'>quinetiam</span> <span class='ocrx_word' id='word_1_89' title='bbox 511 2505 639 2571; x_wconf 76' lang='lat' dir='ltr'>dustria</span> <span class='ocrx_word' id='word_1_90' title='bbox 662 2521 695 2571; x_wconf 89' lang='lat' dir='ltr'>et</span> <span class='ocrx_word' id='word_1_91' title='bbox 715 2503 849 2590; x_wconf 83' lang='lat' dir='ltr'>Russia,</span> <span class='ocrx_word' id='word_1_92' title='bbox 871 2505 1063 2596; x_wconf 86' lang='lat' dir='ltr'>pecuniam,</span> <span class='ocrx_word' id='word_1_93' title='bbox 1087 2530 1154 2595; x_wconf 88' lang='lat' dir='ltr'>qua</span> <span class='ocrx_word' id='word_1_94' title='bbox 1172 2507 1289 2598; x_wconf 81' lang='lat' dir='ltr'>saepis·</span> 
     </span>
     <span class='ocr_line' id='line_1_15' title="bbox 309 2650 1285 2748; baseline 0.002 -28"><span class='ocrx_word' id='word_1_95' title='bbox 309 2655 390 2720; x_wconf 87' lang='lat' dir='ltr'>sime</span> <span class='ocrx_word' id='word_1_96' title='bbox 408 2650 610 2739; x_wconf 83' lang='lat' dir='ltr'>indigerent,</span> <span class='ocrx_word' id='word_1_97' title='bbox 632 2654 675 2718; x_wconf 89' lang='lat' dir='ltr'>ab</span> <span class='ocrx_word' id='word_1_98' title='bbox 690 2650 804 2739; x_wconf 76' lang='lat' dir='ltr'>Anglia</span> <span class='ocrx_word' id='word_1_99' title='bbox 820 2654 1025 2745; x_wconf 83' lang='lat' dir='ltr'>acciperent,</span> <span class='ocrx_word' id='word_1_100' title='bbox 1047 2652 1127 2724; x_wconf 88' lang='lat' dir='ltr'>belli</span> <span class='ocrx_word' id='word_1_101' title='bbox 1143 2672 1177 2722; x_wconf 92' lang='lat' dir='ltr'>et</span> <span class='ocrx_word' id='word_1_102' title='bbox 1193 2654 1285 2748; x_wconf 88' lang='lat' dir='ltr'>pacis</span> 
     </span>
     <span class='ocr_line' id='line_1_16' title="bbox 250 2799 1289 2893; baseline 0.002 -23"><span class='ocrx_word' id='word_1_103' title='bbox 250 2819 261 2838; x_wconf 53' lang='lat'>¹*</span> <span class='ocrx_word' id='word_1_104' title='bbox 313 2804 486 2872; x_wconf 85' lang='lat' dir='ltr'>arbitrium</span> <span class='ocrx_word' id='word_1_105' title='bbox 511 2803 646 2868; x_wconf 80' lang='lat' dir='ltr'>emebat.</span> <span class='ocrx_word' id='word_1_106' title='bbox 692 2799 787 2886; x_wconf 80' lang='lat' dir='ltr'>Quod</span> <span class='ocrx_word' id='word_1_107' title='bbox 812 2818 973 2893; x_wconf 84' lang='lat' dir='ltr'>quantum</span> <span class='ocrx_word' id='word_1_108' title='bbox 1000 2803 1200 2872; x_wconf 79' lang='lat' dir='ltr'>auctoritatis</span> <span class='ocrx_word' id='word_1_109' title='bbox 1223 2805 1289 2872; x_wconf 78' lang='lat' dir='ltr'>tn-</span> 
     </span>
     <span class='ocr_line' id='line_1_17' title="bbox 312 2947 1290 3045; baseline 0.003 -27"><span class='ocrx_word' id='word_1_110' title='bbox 312 2951 392 3038; x_wconf 89' lang='lat' dir='ltr'>gliae</span> <span class='ocrx_word' id='word_1_111' title='bbox 417 2948 583 3018; x_wconf 86' lang='lat' dir='ltr'>addiderit</span> <span class='ocrx_word' id='word_1_112' title='bbox 609 2967 710 3040; x_wconf 88' lang='lat' dir='ltr'>atque</span> <span class='ocrx_word' id='word_1_113' title='bbox 733 2949 771 3015; x_wconf 90' lang='lat' dir='ltr'>in</span> <span class='ocrx_word' id='word_1_114' title='bbox 797 2947 906 3037; x_wconf 84' lang='lat' dir='ltr'>Regna</span> <span class='ocrx_word' id='word_1_115' title='bbox 932 2950 1128 3018; x_wconf 87' lang='lat' dir='ltr'>continentis</span> <span class='ocrx_word' id='word_1_116' title='bbox 1149 2968 1290 3045; x_wconf 83' lang='lat' dir='ltr'>potesta-</span> 
     </span>
     <span class='ocr_line' id='line_1_18' title="bbox 315 3093 955 3190; baseline 0 -27"><span class='ocrx_word' id='word_1_117' title='bbox 315 3099 371 3184; x_wconf 88' lang='lat' dir='ltr'>tis,</span> <span class='ocrx_word' id='word_1_118' title='bbox 394 3097 572 3190; x_wconf 79' lang='lat' dir='ltr'>posteriora</span> <span class='ocrx_word' id='word_1_119' title='bbox 594 3093 780 3163; x_wconf 91' lang='lat' dir='ltr'>docuerunt</span> <span class='ocrx_word' id='word_1_120' title='bbox 798 3113 955 3188; x_wconf 90' lang='lat' dir='ltr'>tempora.</span> 
     </span>
    </p>

    <p class='ocr_par' dir='ltr' id='par_1_8' title="bbox 315 3241 1289 4080">
     <span class='ocr_line' id='line_1_19' title="bbox 358 3241 1286 3336; baseline 0.005 -26"><span class='ocrx_word' id='word_1_121' title='bbox 358 3244 454 3336; x_wconf 87' lang='lat' dir='ltr'>Reip.</span> <span class='ocrx_word' id='word_1_122' title='bbox 482 3243 729 3312; x_wconf 87' lang='lat' dir='ltr'>Provinciarum</span> <span class='ocrx_word' id='word_1_123' title='bbox 753 3241 926 3311; x_wconf 85' lang='lat' dir='ltr'>Unitarum</span> <span class='ocrx_word' id='word_1_124' title='bbox 954 3241 1048 3312; x_wconf 86' lang='lat' dir='ltr'>valde</span> <span class='ocrx_word' id='word_1_125' title='bbox 1074 3244 1139 3314; x_wconf 88' lang='lat' dir='ltr'>hoc</span> <span class='ocrx_word' id='word_1_126' title='bbox 1160 3243 1286 3315; x_wconf 88' lang='lat' dir='ltr'>bellum</span> 
     </span>
     <span class='ocr_line' id='line_1_20' title="bbox 315 3389 1283 3464; baseline 0.005 -6"><span class='ocrx_word' id='word_1_127' title='bbox 315 3393 440 3460; x_wconf 89' lang='lat' dir='ltr'>nocuit.</span> <span class='ocrx_word' id='word_1_128' title='bbox 484 3392 613 3460; x_wconf 86' lang='lat' dir='ltr'>Praeter</span> <span class='ocrx_word' id='word_1_129' title='bbox 639 3389 757 3458; x_wconf 86' lang='lat' dir='ltr'>damna</span> <span class='ocrx_word' id='word_1_130' title='bbox 781 3409 980 3460; x_wconf 82' lang='lat' dir='ltr'>mercaturae</span> <span class='ocrx_word' id='word_1_131' title='bbox 1000 3391 1087 3461; x_wconf 87' lang='lat' dir='ltr'>illata</span> <span class='ocrx_word' id='word_1_132' title='bbox 1106 3396 1283 3464; x_wconf 89' lang='lat' dir='ltr'>minutum-</span> 
     </span>
     <span class='ocr_line' id='line_1_21' title="bbox 318 3538 1281 3634; baseline 0.005 -26"><span class='ocrx_word' id='word_1_133' title='bbox 318 3565 384 3634; x_wconf 85' lang='lat' dir='ltr'>que</span> <span class='ocrx_word' id='word_1_134' title='bbox 406 3539 609 3627; x_wconf 85' lang='lat' dir='ltr'>thesaurum,</span> <span class='ocrx_word' id='word_1_135' title='bbox 633 3538 874 3633; x_wconf 84' lang='lat' dir='ltr'>propugnaculi</span> <span class='ocrx_word' id='word_1_136' title='bbox 894 3541 996 3610; x_wconf 84' lang='lat' dir='ltr'>tristis</span> <span class='ocrx_word' id='word_1_137' title='bbox 1019 3560 1088 3610; x_wconf 91' lang='lat' dir='ltr'>erat</span> <span class='ocrx_word' id='word_1_138' title='bbox 1116 3545 1281 3633; x_wconf 85' lang='lat' dir='ltr'>conditio;</span> 
     </span>
     <span class='ocr_line' id='line_1_22' title="bbox 317 3685 1287 3760; baseline 0.004 -3"><span class='ocrx_word' id='word_1_139' title='bbox 317 3713 395 3757; x_wconf 88' lang='lat' dir='ltr'>nam</span> <span class='ocrx_word' id='word_1_140' title='bbox 419 3687 527 3755; x_wconf 89' lang='lat' dir='ltr'>omnia</span> <span class='ocrx_word' id='word_1_141' title='bbox 557 3685 625 3754; x_wconf 82' lang='lat' dir='ltr'>sere</span> <span class='ocrx_word' id='word_1_142' title='bbox 650 3687 775 3757; x_wconf 88' lang='lat' dir='ltr'>moenia</span> <span class='ocrx_word' id='word_1_143' title='bbox 806 3687 844 3754; x_wconf 92' lang='lat' dir='ltr'>in</span> <span class='ocrx_word' id='word_1_144' title='bbox 869 3711 948 3756; x_wconf 88' lang='lat' dir='ltr'>eum</span> <span class='ocrx_word' id='word_1_145' title='bbox 973 3705 1093 3758; x_wconf 84' lang='lat' dir='ltr'>statum</span> <span class='ocrx_word' id='word_1_146' title='bbox 1119 3709 1211 3760; x_wconf 89' lang='lat' dir='ltr'>erant</span> <span class='ocrx_word' id='word_1_147' title='bbox 1238 3717 1287 3760; x_wconf 88' lang='lat' dir='ltr'>re·</span> 
     </span>
     <span class='ocr_line' id='line_1_23' title="bbox 321 3831 1288 3933; baseline 0.003 -29"><span class='ocrx_word' id='word_1_148' title='bbox 321 3836 432 3923; x_wconf 82' lang='lat' dir='ltr'>ducta,</span> <span class='ocrx_word' id='word_1_149' title='bbox 454 3853 493 3903; x_wconf 91' lang='lat' dir='ltr'>ut</span> <span class='ocrx_word' id='word_1_150' title='bbox 514 3835 551 3902; x_wconf 90' lang='lat' dir='ltr'>in</span> <span class='ocrx_word' id='word_1_151' title='bbox 573 3831 708 3920; x_wconf 90' lang='lat' dir='ltr'>longum</span> <span class='ocrx_word' id='word_1_152' title='bbox 727 3852 857 3926; x_wconf 82' lang='lat' dir='ltr'>tempus</span> <span class='ocrx_word' id='word_1_153' title='bbox 880 3833 1002 3902; x_wconf 88' lang='lat' dir='ltr'>nullius</span> <span class='ocrx_word' id='word_1_154' title='bbox 1026 3837 1172 3907; x_wconf 79' lang='lat' dir='ltr'>utilitatis</span> <span class='ocrx_word' id='word_1_155' title='bbox 1191 3839 1288 3933; x_wconf 85' lang='lat' dir='ltr'>Reip.</span> 
     </span>
     <span class='ocr_line' id='line_1_24' title="bbox 322 3982 1289 4080; baseline 0.006 -29"><span class='ocrx_word' id='word_1_156' title='bbox 322 4009 390 4051; x_wconf 87' lang='lat' dir='ltr'>ease</span> <span class='ocrx_word' id='word_1_157' title='bbox 410 4001 553 4076; x_wconf 79' lang='lat' dir='ltr'>possent.</span> <span class='ocrx_word' id='word_1_158' title='bbox 597 3983 671 4050; x_wconf 85' lang='lat' dir='ltr'>Jarn</span> <span class='ocrx_word' id='word_1_159' title='bbox 694 3983 907 4075; x_wconf 88' lang='lat' dir='ltr'>perspicuum</span> <span class='ocrx_word' id='word_1_160' title='bbox 933 3982 1059 4052; x_wconf 82' lang='lat' dir='ltr'>factum</span> <span class='ocrx_word' id='word_1_161' title='bbox 1084 4004 1170 4073; x_wconf 88' lang='lat' dir='ltr'>erat,</span> <span class='ocrx_word' id='word_1_162' title='bbox 1188 4013 1289 4080; x_wconf 87' lang='lat' dir='ltr'>quam</span> 
     </span>
    </p>
   </div>
   <div class='ocr_carea' id='block_1_8' title="bbox 323 4131 1289 4224">
    <p class='ocr_par' dir='ltr' id='par_1_9' title="bbox 323 4131 1289 4224">
     <span class='ocr_line' id='line_1_25' title="bbox 323 4131 1289 4224; baseline 0.008 -26"><span class='ocrx_word' id='word_1_163' title='bbox 323 4135 418 4200; x_wconf 84' lang='lat' dir='ltr'>inane</span> <span class='ocrx_word' id='word_1_164' title='bbox 445 4133 506 4202; x_wconf 90' lang='lat' dir='ltr'>tale</span> <span class='ocrx_word' id='word_1_165' title='bbox 535 4131 734 4224; x_wconf 87' lang='lat' dir='ltr'>praesidium</span> <span class='ocrx_word' id='word_1_166' title='bbox 753 4150 833 4200; x_wconf 90' lang='lat' dir='ltr'>esset</span> <span class='ocrx_word' id='word_1_167' title='bbox 856 4132 972 4224; x_wconf 85' lang='lat' dir='ltr'>lleip.,</span> <span class='ocrx_word' id='word_1_168' title='bbox 997 4157 1072 4202; x_wconf 87' lang='lat' dir='ltr'>cum</span> <span class='ocrx_word' id='word_1_169' title='bbox 1097 4158 1137 4204; x_wconf 85' lang='lat' dir='ltr'>ue</span> <span class='ocrx_word' id='word_1_170' title='bbox 1162 4135 1289 4206; x_wconf 75' lang='lat' dir='ltr'>dustria</span> 
     </span>
    </p>
   </div>
   <div class='ocr_carea' id='block_1_9' title="bbox 0 0 1500 4966">
    <p class='ocr_par' dir='ltr' id='par_1_10' title="bbox 0 0 1500 4966">
     <span class='ocr_line' id='line_1_26' title="bbox 0 0 1500 4966; baseline 0 0"><span class='ocrx_word' id='word_1_171' title='bbox 0 0 1500 4966; x_wconf 95' lang='lat' dir='ltr'> </span> 
     </span>
    </p>
   </div>
  </div>
 </body>
</html>
