<?xml version="1.0" encoding="UTF-8"?>
<!DOCTYPE html PUBLIC "-//W3C//DTD XHTML 1.0 Transitional//EN"
    "http://www.w3.org/TR/xhtml1/DTD/xhtml1-transitional.dtd">
<html xmlns="http://www.w3.org/1999/xhtml" xml:lang="en" lang="en">
 <head>
  <title>
</title>
<meta http-equiv="Content-Type" content="text/html;charset=utf-8" />
  <meta name='ocr-system' content='tesseract 3.04.00' />
  <meta name='ocr-capabilities' content='ocr_page ocr_carea ocr_par ocr_line ocrx_word'/>
</head>
<body>
  <div class='ocr_page' id='page_1' title='image "./dissertatiopoli00volcgoog_0030.png"; bbox 0 0 2990 4966; ppageno 0'>
   <div class='ocr_carea' id='block_1_1' title="bbox 726 541 761 604">
    <p class='ocr_par' dir='ltr' id='par_1_1' title="bbox 726 541 761 604">
     <span class='ocr_line' id='line_1_1' title="bbox 726 541 761 604; baseline 0 0"><span class='ocrx_word' id='word_1_1' title='bbox 726 541 761 604; x_wconf 87' lang='grc'>18</span> 
     </span>
    </p>
   </div>
   <div class='ocr_carea' id='block_1_2' title="bbox 263 742 1232 836">
    <p class='ocr_par' dir='ltr' id='par_1_2' title="bbox 263 742 1232 836">
     <span class='ocr_line' id='line_1_2' title="bbox 263 742 1232 836; baseline -0.003 -24"><span class='ocrx_word' id='word_1_2' title='bbox 263 746 397 814; x_wconf 73' lang='lat' dir='ltr'>Francia</span> <span class='ocrx_word' id='word_1_3' title='bbox 413 746 449 812; x_wconf 83' lang='lat' dir='ltr'>in</span> <span class='ocrx_word' id='word_1_4' title='bbox 469 743 610 835; x_wconf 83' lang='lat' dir='ltr'>imperio</span> <span class='ocrx_word' id='word_1_5' title='bbox 631 743 809 836; x_wconf 86' lang='lat' dir='ltr'>potiretur,</span> <span class='ocrx_word' id='word_1_6' title='bbox 833 745 1042 834; x_wconf 81' lang='lat' dir='ltr'>recuperare,</span> <span class='ocrx_word' id='word_1_7' title='bbox 1064 759 1097 810; x_wconf 89' lang='lat' dir='ltr'>et</span> <span class='ocrx_word' id='word_1_8' title='bbox 1106 742 1232 830; x_wconf 67' lang='lat' dir='ltr'>foedere</span> 
     </span>
    </p>
   </div>
   <div class='ocr_carea' id='block_1_3' title="bbox 256 889 1233 987">
    <p class='ocr_par' dir='ltr' id='par_1_3' title="bbox 256 889 1233 987">
     <span class='ocr_line' id='line_1_3' title="bbox 256 889 1233 987; baseline -0.007 -22"><span class='ocrx_word' id='word_1_9' title='bbox 256 895 510 987; x_wconf 67' lang='lat' dir='ltr'>propugnandi</span> <span class='ocrx_word' id='word_1_10' title='bbox 527 917 603 962; x_wconf 88' lang='lat' dir='ltr'>cum</span> <span class='ocrx_word' id='word_1_11' title='bbox 622 889 802 960; x_wconf 77' lang='lat' dir='ltr'>Ordinibus</span> <span class='ocrx_word' id='word_1_12' title='bbox 820 889 1030 960; x_wconf 86' lang='lat' dir='ltr'>Generalibus</span> <span class='ocrx_word' id='word_1_13' title='bbox 1046 892 1166 958; x_wconf 89' lang='lat' dir='ltr'>initum</span> <span class='ocrx_word' id='word_1_14' title='bbox 1186 915 1233 959; x_wconf 79' lang='lat' dir='ltr'>so</span> 
     </span>
    </p>
   </div>
   <div class='ocr_carea' id='block_1_4' title="bbox 183 1040 1241 3804">
    <p class='ocr_par' dir='ltr' id='par_1_4' title="bbox 264 1040 498 1132">
     <span class='ocr_line' id='line_1_4' title="bbox 264 1040 498 1132; baseline 0.004 -24"><span class='ocrx_word' id='word_1_15' title='bbox 264 1042 413 1110; x_wconf 82' lang='lat' dir='ltr'>laturum</span> <span class='ocrx_word' id='word_1_16' title='bbox 435 1040 498 1132; x_wconf 85' lang='lat' dir='ltr'>(l).</span> 
     </span>
    </p>

    <p class='ocr_par' dir='ltr' id='par_1_5' title="bbox 183 1187 1241 3804">
     <span class='ocr_line' id='line_1_5' title="bbox 307 1187 1233 1283; baseline 0.003 -26"><span class='ocrx_word' id='word_1_17' title='bbox 307 1187 441 1259; x_wconf 77' lang='lat' dir='ltr'>Foederi</span> <span class='ocrx_word' id='word_1_18' title='bbox 461 1189 734 1282; x_wconf 81' lang='lat' dir='ltr'>Nympbenburgi</span> <span class='ocrx_word' id='word_1_19' title='bbox 759 1207 965 1258; x_wconf 86' lang='lat' dir='ltr'>accesserunt</span> <span class='ocrx_word' id='word_1_20' title='bbox 986 1189 1142 1283; x_wconf 83' lang='lat' dir='ltr'><strong>deinceps</strong></span> <span class='ocrx_word' id='word_1_21' title='bbox 1163 1190 1233 1260; x_wconf 84' lang='lat' dir='ltr'>Rex</span> 
     </span>
     <span class='ocr_line' id='line_1_6' title="bbox 264 1337 1234 1431; baseline -0.004 -21"><span class='ocrx_word' id='word_1_22' title='bbox 264 1341 449 1426; x_wconf 88' lang='lat' dir='ltr'>Borussiae,</span> <span class='ocrx_word' id='word_1_23' title='bbox 480 1340 534 1408; x_wconf 89' lang='lat' dir='ltr'>cui</span> <span class='ocrx_word' id='word_1_24' title='bbox 559 1339 695 1407; x_wconf 80' lang='lat' dir='ltr'><strong>Francia</strong></span> <span class='ocrx_word' id='word_1_25' title='bbox 722 1337 848 1408; x_wconf 87' lang='lat' dir='ltr'>Silesiae</span> <span class='ocrx_word' id='word_1_26' title='bbox 875 1339 1040 1406; x_wconf 74' lang='lat' dir='ltr'>Inferioris</span> <span class='ocrx_word' id='word_1_27' title='bbox 1061 1339 1234 1431; x_wconf 87' lang='lat' dir='ltr'>possessio·</span> 
     </span>
     <span class='ocr_line' id='line_1_7' title="bbox 263 1486 1235 1580; baseline 0.001 -25"><span class='ocrx_word' id='word_1_28' title='bbox 263 1513 340 1558; x_wconf 89' lang='lat' dir='ltr'>nem</span> <span class='ocrx_word' id='word_1_29' title='bbox 357 1487 576 1576; x_wconf 80' lang='lat' dir='ltr'>fidejubebat,</span> <span class='ocrx_word' id='word_1_30' title='bbox 599 1505 633 1556; x_wconf 93' lang='lat' dir='ltr'>et</span> <span class='ocrx_word' id='word_1_31' title='bbox 655 1489 724 1555; x_wconf 83' lang='lat' dir='ltr'>Rex</span> <span class='ocrx_word' id='word_1_32' title='bbox 740 1486 906 1572; x_wconf 88' lang='lat' dir='ltr'>Poloniae,</span> <span class='ocrx_word' id='word_1_33' title='bbox 928 1506 1084 1580; x_wconf 86' lang='lat' dir='ltr'>tanquam</span> <span class='ocrx_word' id='word_1_34' title='bbox 1106 1489 1235 1558; x_wconf 78' lang='lat' dir='ltr'>Elector</span> 
     </span>
     <span class='ocr_line' id='line_1_8' title="bbox 264 1634 1234 1706; baseline 0 0"><span class='ocrx_word' id='word_1_35' title='bbox 264 1636 426 1706; x_wconf 77' lang='lat' dir='ltr'>saxoniae.</span> <span class='ocrx_word' id='word_1_36' title='bbox 471 1636 561 1702; x_wconf 85' lang='lat' dir='ltr'>Inter</span> <span class='ocrx_word' id='word_1_37' title='bbox 587 1634 680 1701; x_wconf 87' lang='lat' dir='ltr'>huuc</span> <span class='ocrx_word' id='word_1_38' title='bbox 705 1653 738 1702; x_wconf 83' lang='lat' dir='ltr'>et</span> <span class='ocrx_word' id='word_1_39' title='bbox 760 1653 893 1702; x_wconf 77' lang='lat' dir='ltr'>uranu</span> <span class='ocrx_word' id='word_1_40' title='bbox 917 1653 1105 1704; x_wconf 80' lang='lat' dir='ltr'>resersuu</span> <span class='ocrx_word' id='word_1_41' title='bbox 1130 1635 1165 1704; x_wconf 90' lang='lat' dir='ltr'>d.</span> <span class='ocrx_word' id='word_1_42' title='bbox 1194 1637 1234 1706; x_wconf 92' lang='lat' dir='ltr'>ll</span> 
     </span>
     <span class='ocr_line' id='line_1_9' title="bbox 183 1778 1232 1875; baseline 0.001 -24"><span class='ocrx_word' id='word_1_43' title='bbox 183 1830 190 1842; x_wconf 35' lang='lat' dir='ltr'>x</span> <span class='ocrx_word' id='word_1_44' title='bbox 266 1807 311 1852; x_wconf 86' lang='lat' dir='ltr'>m.</span> <span class='ocrx_word' id='word_1_45' title='bbox 335 1784 416 1875; x_wconf 79' lang='lat' dir='ltr'>dpr.</span> <span class='ocrx_word' id='word_1_46' title='bbox 437 1808 467 1850; x_wconf 84' lang='lat' dir='ltr'>a.</span> <span class='ocrx_word' id='word_1_47' title='bbox 493 1784 576 1850; x_wconf 85' lang='grc'><strong>1741</strong></span> <span class='ocrx_word' id='word_1_48' title='bbox 600 1778 738 1848; x_wconf 87' lang='lat' dir='ltr'>Ilresdae</span> <span class='ocrx_word' id='word_1_49' title='bbox 761 1778 873 1848; x_wconf 81' lang='lat' dir='ltr'>foedus</span> <span class='ocrx_word' id='word_1_50' title='bbox 898 1799 1128 1873; x_wconf 84' lang='lat' dir='ltr'>praeparatum</span> <span class='ocrx_word' id='word_1_51' title='bbox 1146 1800 1232 1868; x_wconf 83' lang='lat' dir='ltr'>eret,</span> 
     </span>
     <span class='ocr_line' id='line_1_10' title="bbox 268 1927 1235 2023; baseline -0.002 -25"><span class='ocrx_word' id='word_1_52' title='bbox 268 1955 337 2023; x_wconf 89' lang='lat' dir='ltr'>quo</span> <span class='ocrx_word' id='word_1_53' title='bbox 354 1931 423 1998; x_wconf 85' lang='lat' dir='ltr'>Rex</span> <span class='ocrx_word' id='word_1_54' title='bbox 442 1945 649 2016; x_wconf 88' lang='lat' dir='ltr'>agnosceret,</span> <span class='ocrx_word' id='word_1_55' title='bbox 671 1949 739 1994; x_wconf 88' lang='lat' dir='ltr'>non</span> <span class='ocrx_word' id='word_1_56' title='bbox 763 1928 875 1994; x_wconf 87' lang='lat' dir='ltr'>obesse</span> <span class='ocrx_word' id='word_1_57' title='bbox 902 1927 1066 1998; x_wconf 85' lang='lat' dir='ltr'>Sanctioni</span> <span class='ocrx_word' id='word_1_58' title='bbox 1085 1930 1235 2017; x_wconf 84' lang='lat' dir='ltr'>Pragma-</span> 
     </span>
     <span class='ocr_line' id='line_1_11' title="bbox 265 2076 1236 2166; baseline -0.002 -18"><span class='ocrx_word' id='word_1_59' title='bbox 265 2081 368 2166; x_wconf 89' lang='lat' dir='ltr'>ticae,</span> <span class='ocrx_word' id='word_1_60' title='bbox 395 2079 548 2166; x_wconf 82' lang='lat' dir='ltr'>Reginam</span> <span class='ocrx_word' id='word_1_61' title='bbox 575 2076 755 2164; x_wconf 88' lang='lat' dir='ltr'>llungariae</span> <span class='ocrx_word' id='word_1_62' title='bbox 778 2077 842 2144; x_wconf 90' lang='lat' dir='ltr'>sibi</span> <span class='ocrx_word' id='word_1_63' title='bbox 871 2076 916 2145; x_wconf 86' lang='lat' dir='ltr'>ll.</span> <span class='ocrx_word' id='word_1_64' title='bbox 941 2077 1065 2146; x_wconf 85' lang='lat' dir='ltr'>Ducem</span> <span class='ocrx_word' id='word_1_65' title='bbox 1087 2078 1236 2146; x_wconf 83' lang='lat' dir='ltr'>lltruriae</span> 
     </span>
     <span class='ocr_line' id='line_1_12' title="bbox 266 2223 1237 2319; baseline 0.001 -24"><span class='ocrx_word' id='word_1_66' title='bbox 266 2227 434 2296; x_wconf 75' lang='lat' dir='ltr'>adscivisse</span> <span class='ocrx_word' id='word_1_67' title='bbox 467 2225 622 2312; x_wconf 76' lang='lat' dir='ltr'>collegam</span> <span class='ocrx_word' id='word_1_68' title='bbox 651 2225 763 2312; x_wconf 86' lang='lat' dir='ltr'>Regno</span> <span class='ocrx_word' id='word_1_69' title='bbox 788 2223 1068 2312; x_wconf 84' lang='lat' dir='ltr'>administrando,</span> <span class='ocrx_word' id='word_1_70' title='bbox 1098 2244 1132 2295; x_wconf 90' lang='lat' dir='ltr'>et</span> <span class='ocrx_word' id='word_1_71' title='bbox 1161 2250 1237 2319; x_wconf 86' lang='lat' dir='ltr'>pro·</span> 
     </span>
     <span class='ocr_line' id='line_1_13' title="bbox 267 2371 1237 2464; baseline -0.002 -20"><span class='ocrx_word' id='word_1_72' title='bbox 267 2377 427 2460; x_wconf 86' lang='lat' dir='ltr'>mitteret,</span> <span class='ocrx_word' id='word_1_73' title='bbox 448 2379 483 2442; x_wconf 77' lang='lat' dir='ltr'>se&#39;</span> <span class='ocrx_word' id='word_1_74' title='bbox 509 2397 577 2441; x_wconf 90' lang='lat' dir='ltr'>non</span> <span class='ocrx_word' id='word_1_75' title='bbox 599 2371 853 2464; x_wconf 83' lang='lat' dir='ltr'>impediturum,</span> <span class='ocrx_word' id='word_1_76' title='bbox 877 2395 945 2464; x_wconf 90' lang='lat' dir='ltr'>quo</span> <span class='ocrx_word' id='word_1_77' title='bbox 966 2373 1073 2440; x_wconf 77' lang='lat' dir='ltr'>misius</span> <span class='ocrx_word' id='word_1_78' title='bbox 1094 2371 1150 2442; x_wconf 92' lang='lat' dir='ltr'>illa</span> <span class='ocrx_word' id='word_1_79' title='bbox 1170 2373 1237 2442; x_wconf 89' lang='lat' dir='ltr'>sus·</span> 
     </span>
     <span class='ocr_line' id='line_1_14' title="bbox 264 2521 1228 2614; baseline 0.002 -23"><span class='ocrx_word' id='word_1_80' title='bbox 264 2522 405 2611; x_wconf 79' lang='lat' dir='ltr'>fragium</span> <span class='ocrx_word' id='word_1_81' title='bbox 422 2523 522 2590; x_wconf 80' lang='lat' dir='ltr'>ferret</span> <span class='ocrx_word' id='word_1_82' title='bbox 534 2521 730 2590; x_wconf 82' lang='lat' dir='ltr'>Electorium</span> <span class='ocrx_word' id='word_1_83' title='bbox 742 2539 898 2614; x_wconf 87' lang='lat' dir='ltr'>tanquam</span> <span class='ocrx_word' id='word_1_84' title='bbox 913 2522 1032 2610; x_wconf 87' lang='lat' dir='ltr'>Regina</span> <span class='ocrx_word' id='word_1_85' title='bbox 1047 2523 1228 2593; x_wconf 80' lang='lat' dir='ltr'>Bobemiae.</span> 
     </span>
     <span class='ocr_line' id='line_1_15' title="bbox 267 2668 1236 2764; baseline -0.001 -24"><span class='ocrx_word' id='word_1_86' title='bbox 267 2669 424 2740; x_wconf 88' lang='lat' dir='ltr'>Nonnulli</span> <span class='ocrx_word' id='word_1_87' title='bbox 454 2671 543 2738; x_wconf 90' lang='lat' dir='ltr'>enim</span> <span class='ocrx_word' id='word_1_88' title='bbox 577 2668 761 2754; x_wconf 79' lang='lat' dir='ltr'>Electores,</span> <span class='ocrx_word' id='word_1_89' title='bbox 794 2686 829 2736; x_wconf 91' lang='lat' dir='ltr'>et</span> <span class='ocrx_word' id='word_1_90' title='bbox 863 2669 1016 2738; x_wconf 74' lang='lat' dir='ltr'>Senoniae</span> <span class='ocrx_word' id='word_1_91' title='bbox 1042 2674 1236 2764; x_wconf 84' lang='lat' dir='ltr'>praecipue,</span> 
     </span>
     <span class='ocr_line' id='line_1_16' title="bbox 268 2771 1239 2907; baseline 0 -19"><span class='ocrx_word' id='word_1_92' title='bbox 268 2819 335 2888; x_wconf 88' lang='lat' dir='ltr'>boe</span> <span class='ocrx_word' id='word_1_93' title='bbox 361 2820 419 2906; x_wconf 83' lang='lat' dir='ltr'>jus</span> <span class='ocrx_word' id='word_1_94' title='bbox 447 2817 496 2884; x_wconf 91' lang='lat' dir='ltr'>illi</span> <span class='ocrx_word' id='word_1_95' title='bbox 527 2771 712 2907; x_wconf 79' lang='lat' dir='ltr'>competere</span> <span class='ocrx_word' id='word_1_96' title='bbox 747 2816 923 2902; x_wconf 80' lang='lat' dir='ltr'>negabant:</span> <span class='ocrx_word' id='word_1_97' title='bbox 969 2816 1119 2905; x_wconf 85' lang='lat' dir='ltr'>Regnum</span> <span class='ocrx_word' id='word_1_98' title='bbox 1149 2821 1239 2888; x_wconf 89' lang='lat' dir='ltr'>enim</span> 
     </span>
     <span class='ocr_line' id='line_1_17' title="bbox 268 2962 1240 3049; baseline 0.001 -15"><span class='ocrx_word' id='word_1_99' title='bbox 268 2967 439 3034; x_wconf 90' lang='lat' dir='ltr'>Bobemiae</span> <span class='ocrx_word' id='word_1_100' title='bbox 473 2989 586 3034; x_wconf 82' lang='lat' dir='ltr'>vacare</span> <span class='ocrx_word' id='word_1_101' title='bbox 620 2962 886 3049; x_wconf 82' lang='lat' dir='ltr'>contendebant,</span> <span class='ocrx_word' id='word_1_102' title='bbox 921 2981 954 3032; x_wconf 90' lang='lat' dir='ltr'>ct</span> <span class='ocrx_word' id='word_1_103' title='bbox 991 2964 1036 3032; x_wconf 88' lang='grc' dir='ltr'>Μ.</span> <span class='ocrx_word' id='word_1_104' title='bbox 1071 2965 1240 3036; x_wconf 88' lang='lat' dir='ltr'>Ducissam</span> 
     </span>
     <span class='ocr_line' id='line_1_18' title="bbox 270 3107 1241 3204; baseline 0.002 -26"><span class='ocrx_word' id='word_1_105' title='bbox 270 3111 437 3196; x_wconf 79' lang='lat' dir='ltr'>Etruriae,</span> <span class='ocrx_word' id='word_1_106' title='bbox 465 3109 588 3176; x_wconf 85' lang='lat' dir='ltr'>etiamsi</span> <span class='ocrx_word' id='word_1_107' title='bbox 612 3110 739 3200; x_wconf 87' lang='lat' dir='ltr'>optimo</span> <span class='ocrx_word' id='word_1_108' title='bbox 759 3110 837 3194; x_wconf 86' lang='lat' dir='ltr'>jure</span> <span class='ocrx_word' id='word_1_109' title='bbox 863 3107 1050 3177; x_wconf 87' lang='lat' dir='ltr'>Bobemiam</span> <span class='ocrx_word' id='word_1_110' title='bbox 1073 3135 1143 3180; x_wconf 87' lang='lat' dir='ltr'>eam</span> <span class='ocrx_word' id='word_1_111' title='bbox 1167 3135 1241 3204; x_wconf 86' lang='lat' dir='ltr'>pos·</span> 
     </span>
     <span class='ocr_line' id='line_1_19' title="bbox 272 3253 1241 3350; baseline 0.003 -27"><span class='ocrx_word' id='word_1_112' title='bbox 272 3254 378 3324; x_wconf 88' lang='lat' dir='ltr'>sidere</span> <span class='ocrx_word' id='word_1_113' title='bbox 401 3255 571 3342; x_wconf 84' lang='lat' dir='ltr'>fingeriut,</span> <span class='ocrx_word' id='word_1_114' title='bbox 593 3253 784 3339; x_wconf 78' lang='lat' dir='ltr'>suifragium</span> <span class='ocrx_word' id='word_1_115' title='bbox 810 3273 917 3322; x_wconf 90' lang='lat' dir='ltr'>tamen</span> <span class='ocrx_word' id='word_1_116' title='bbox 942 3254 1034 3337; x_wconf 48' lang='lat' dir='ltr'>ferre,</span> <span class='ocrx_word' id='word_1_117' title='bbox 1054 3279 1122 3325; x_wconf 86' lang='lat' dir='ltr'>non</span> <span class='ocrx_word' id='word_1_118' title='bbox 1144 3281 1241 3350; x_wconf 87' lang='lat' dir='ltr'>posse</span> 
     </span>
     <span class='ocr_line' id='line_1_20' title="bbox 191 3405 1240 3497; baseline 0.004 -25"><span class='ocrx_word' id='word_1_119' title='bbox 191 3487 192 3494; x_wconf 6' lang='grc' dir='ltr'>ἵ</span> <span class='ocrx_word' id='word_1_120' title='bbox 273 3427 381 3497; x_wconf 87' lang='lat' dir='ltr'>neque</span> <span class='ocrx_word' id='word_1_121' title='bbox 400 3405 510 3496; x_wconf 86' lang='lat' dir='ltr'>ipsam¹</span> <span class='ocrx_word' id='word_1_122' title='bbox 532 3426 641 3496; x_wconf 90' lang='lat' dir='ltr'>neque</span> <span class='ocrx_word' id='word_1_123' title='bbox 666 3427 727 3495; x_wconf 86' lang='lat' dir='ltr'>per</span> <span class='ocrx_word' id='word_1_124' title='bbox 746 3419 1006 3495; x_wconf 83' lang='lat' dir='ltr'>procuratorem,</span> <span class='ocrx_word' id='word_1_125' title='bbox 1029 3431 1107 3474; x_wconf 88' lang='lat' dir='ltr'>eum</span> <span class='ocrx_word' id='word_1_126' title='bbox 1134 3409 1240 3476; x_wconf 77' lang='lat' dir='ltr'>Aurea</span> 
     </span>
     <span class='ocr_line' id='line_1_21' title="bbox 277 3531 1240 3650; baseline 0.008 -28"><span class='ocrx_word' id='word_1_127' title='bbox 277 3553 368 3622; x_wconf 86' lang='lat' dir='ltr'>Bulla</span> <span class='ocrx_word' id='word_1_128' title='bbox 398 3553 586 3642; x_wconf 87' lang='lat' dir='ltr'>dignitatem</span> <span class='ocrx_word' id='word_1_129' title='bbox 612 3553 803 3625; x_wconf 84' lang='lat' dir='ltr'>Rlectoriom</span> <span class='ocrx_word' id='word_1_130' title='bbox 829 3531 988 3650; x_wconf 63' lang='lat' dir='ltr'>exoressis</span> <span class='ocrx_word' id='word_1_131' title='bbox 1020 3562 1127 3629; x_wconf 86' lang='lat' dir='ltr'>verbis</span> <span class='ocrx_word' id='word_1_132' title='bbox 1147 3563 1240 3632; x_wconf 53' lang='lat' dir='ltr'>&#39;viris</span> 
     </span>
     <span class='ocr_line' id='line_1_22' title="bbox 277 3702 1240 3804; baseline 0.007 -33"><span class='ocrx_word' id='word_1_133' title='bbox 277 3702 468 3790; x_wconf 82' lang='lat' dir='ltr'>delegasset,</span> <span class='ocrx_word' id='word_1_134' title='bbox 489 3720 523 3770; x_wconf 91' lang='lat' dir='ltr'>et</span> <span class='ocrx_word' id='word_1_135' title='bbox 546 3704 719 3784; x_wconf 84' lang='lat' dir='ltr'>sanxisset,</span> <span class='ocrx_word' id='word_1_136' title='bbox 741 3722 797 3791; x_wconf 89' lang='lat' dir='ltr'>ut,</span> <span class='ocrx_word' id='word_1_137' title='bbox 818 3706 848 3771; x_wconf 89' lang='lat' dir='ltr'>si</span> <span class='ocrx_word' id='word_1_138' title='bbox 870 3707 925 3774; x_wconf 91' lang='lat' dir='ltr'>cui</span> <span class='ocrx_word' id='word_1_139' title='bbox 948 3707 1092 3796; x_wconf 86' lang='lat' dir='ltr'>cederet,</span> <span class='ocrx_word' id='word_1_140' title='bbox 1116 3711 1176 3804; x_wconf 87' lang='lat' dir='ltr'>qui</span> <span class='ocrx_word' id='word_1_141' title='bbox 1198 3709 1240 3778; x_wconf 89' lang='lat' dir='ltr'>ad</span> 
     </span>
    </p>
   </div>
   <div class='ocr_carea' id='block_1_5' title="bbox 276 3850 1247 3951">
    <p class='ocr_par' dir='ltr' id='par_1_6' title="bbox 276 3850 1247 3951">
     <span class='ocr_line' id='line_1_23' title="bbox 276 3850 1247 3951; baseline 0.011 -33"><span class='ocrx_word' id='word_1_142' title='bbox 276 3850 359 3919; x_wconf 87' lang='lat' dir='ltr'>illud</span> <span class='ocrx_word' id='word_1_143' title='bbox 384 3851 526 3920; x_wconf 88' lang='lat' dir='ltr'>officium</span> <span class='ocrx_word' id='word_1_144' title='bbox 547 3875 615 3920; x_wconf 90' lang='lat' dir='ltr'>non</span> <span class='ocrx_word' id='word_1_145' title='bbox 636 3870 717 3922; x_wconf 86' lang='lat' dir='ltr'>esset</span> <span class='ocrx_word' id='word_1_146' title='bbox 737 3852 875 3942; x_wconf 86' lang='lat' dir='ltr'>babilis,</span> <span class='ocrx_word' id='word_1_147' title='bbox 898 3859 1067 3948; x_wconf 83' lang='lat' dir='ltr'>proximus</span> <span class='ocrx_word' id='word_1_148' title='bbox 1091 3879 1247 3951; x_wconf 85' lang='lat' dir='ltr'>cognatus</span> 
     </span>
    </p>
   </div>
   <div class='ocr_carea' id='block_1_6' title="bbox 281 4041 587 4054">
    <p class='ocr_par' dir='ltr' id='par_1_7' title="bbox 281 4041 587 4054">
     <span class='ocr_line' id='line_1_24' title="bbox 281 4041 587 4054; baseline 0.016 -5"><span class='ocrx_word' id='word_1_149' title='bbox 281 4041 587 4054; x_wconf 48' lang='lat' dir='ltr'>—ffi</span> 
     </span>
    </p>
   </div>
   <div class='ocr_carea' id='block_1_7' title="bbox 307 4149 793 4218">
    <p class='ocr_par' dir='ltr' id='par_1_8' title="bbox 307 4149 793 4218">
     <span class='ocr_line' id='line_1_25' title="bbox 307 4149 793 4218; baseline 0.004 -18"><span class='ocrx_word' id='word_1_150' title='bbox 307 4151 347 4218; x_wconf 88' lang='lat' dir='ltr'>(l)</span> <span class='ocrx_word' id='word_1_151' title='bbox 365 4149 409 4204; x_wconf 83' lang='lat' dir='ltr'>Cl.</span> <span class='ocrx_word' id='word_1_152' title='bbox 428 4167 592 4212; x_wconf 73' lang='lat' dir='ltr'>sisaran,</span> <span class='ocrx_word' id='word_1_153' title='bbox 612 4151 669 4204; x_wconf 90' lang='grc'><strong>1.1.</strong></span> <span class='ocrx_word' id='word_1_154' title='bbox 688 4169 715 4218; x_wconf 85' lang='lat' dir='ltr'>p.</span> <span class='ocrx_word' id='word_1_155' title='bbox 732 4153 793 4204; x_wconf 78' lang='grc'><strong>316.</strong></span> 
     </span>
    </p>
   </div>
   <div class='ocr_carea' id='block_1_8' title="bbox 0 0 1514 4966">
    <p class='ocr_par' dir='ltr' id='par_1_9' title="bbox 0 0 1514 4966">
     <span class='ocr_line' id='line_1_26' title="bbox 0 0 1514 4966; baseline 0 0"><span class='ocrx_word' id='word_1_156' title='bbox 0 0 1514 4966; x_wconf 95' lang='lat' dir='ltr'> </span> 
     </span>
    </p>
   </div>
  </div>
 </body>
</html>
