2990 4966
713 518 756 584 20

244 743 286 787 ne
303 720 472 788 branciam
494 718 693 786 offenderent
718 738 914 808 metuentes,
939 739 1010 789 tum
1037 747 1070 788 se
1092 747 1210 815 parum

243 867 445 960 profecturos
465 866 630 952 arbitrati,
652 869 680 933 si
699 868 860 956 majorum
881 870 1073 962 Principum
1093 871 1214 938 dissen-

243 1019 386 1086 sionibus
413 1041 446 1083 se
477 1017 716 1102 immiscerent,
739 1021 848 1110 potius
879 1017 1074 1088 bellantibus
1109 1021 1214 1088 conoi-

243 1164 358 1232 liandis
381 1189 510 1256 operam
526 1163 686 1234 dederunt
702 1166 763 1256 (l).
809 1165 943 1253 anglia,
964 1167 1108 1258 quamvis
1127 1164 1213 1234 bello

248 1341 324 1386 cum
342 1317 495 1408 Hispania
517 1336 598 1386 esset
625 1315 800 1410 implicita,
823 1336 859 1386 et
880 1341 997 1410 pacem
1019 1321 1114 1384 etiam
1137 1343 1213 1386 cunr

241 1464 376 1532 Francia
393 1481 568 1556 rupturam
579 1465 648 1532 sore
662 1467 882 1556 prospiceret,
901 1464 1024 1534 foederi
1039 1466 1212 1534 Viennensi

242 1612 421 1681 satisfacere
437 1630 548 1704 parata
571 1631 649 1680 erat.
694 1613 830 1704 ltaque,
853 1638 931 1682 eum
948 1615 1039 1705 pacti
1056 1640 1074 1679 a
1093 1614 1214 1700 Regina

240 1761 401 1854 propositi
417 1759 624 1828 ratificationi
640 1757 798 1852 quaedam
808 1760 973 1826 obstarent
987 1757 1209 1845 difficultates,

245 1913 330 1982 solus
359 1913 428 1979 Rex
455 1931 616 1980 enoseltts
638 1912 689 1996 11,
722 1928 802 1978 tune
829 1912 984 2002 temporis
1008 1910 1214 1978 Hannoverae

242 2059 378 2148 degens,
392 2060 439 2125 ibi
464 2083 539 2125 cum
559 2077 665 2126 nram
680 2076 843 2125 rnrsrsm
851 2055 885 2124 d.
897 2061 941 2126 24·
952 2081 996 2124 m.
1006 2058 1085 2126 Jun.
1100 2055 1214 2124 foedus

240 2209 314 2276 icit:
340 2231 408 2300 quo
425 2230 459 2273 se
479 2204 640 2292 obligabat
659 2204 700 2272 ad
720 2203 918 2272 mittendum
930 2205 1110 2276 exercitum
1125 2205 1213 2270 auxi·

239 2355 350 2423 liarem
374 2359 482 2426 12000
511 2355 652 2424 militnm
678 2373 711 2424 et
737 2352 778 2420 ad
799 2353 1023 2447 praestandam
1049 2357 1135 2421 intra
1159 2379 1214 2420 an-

239 2525 321 2569 num
349 2525 508 2568 summam
535 2507 668 2572 300000
697 2501 728 2567 0
759 2501 876 2590 ὃῐοιΙ.,
899 2527 1001 2595 quam
1027 2500 1149 2589 Regina
1173 2502 1211 2566 in

239 2647 397 2736 augendas
421 2649 529 2742 copias
549 2647 764 2741 impenderet

285 2796 373 2864 Dum
399 2795 525 2865 Elector
546 2797 693 2866 Bavariae
718 2823 795 2866 cum
818 2799 962 2866 exercitu
990 2799 1150 2865 Francico
1173 2799 1210 2864 in

241 2945 429 3012 Bohemiam
447 2945 652 3039 irrumpebat
665 2946 864 3039 Pragamqne
879 2946 1042 3038 capiebat,
1063 2943 1143 3012 alter
1156 2968 1213 3012 ex·

240 3096 357 3162 arcitus
381 3094 575 3181 Francicus,
609 3095 693 3164 duce
717 3095 902 3164 Marescallo
928 3117 972 3164 or
994 3116 1206 3182 nurarnors,

238 3242 382 3309 intrabat
407 3243 444 3307 in
475 3241 730 3334 Westphaliam,
764 3263 803 3312 ut
829 3243 1003 3312 Hollandos
1032 3247 1213 3316 observaret

239 3406 273 3456 et
308 3386 437 3474 Angliae
467 3389 585 3474 Regem
627 3391 819 3459 contineret.
876 3390 938 3459 Hie
975 3415 1052 3459 cnm
1086 3391 1211 3462 videret

243 3536 378 3604 Francos
398 3559 615 3630 approperare
633 3555 666 3606 et
685 3561 762 3606 cum
783 3539 883 3632 copiis
908 3539 1103 3626 Rorussicis,
1126 3563 1210 3632 quae

240 3681 449 3770 Magdeburgi
481 3703 573 3753 erant
615 3686 809 3776 collocatae,
841 3690 1059 3781 conspirantes
1096 3711 1208 3774 agmen

268 3939 308 4005 (1)
332 3941 399 3992 llaec
422 3940 575 3992 conciliandi
598 3941 731 3992 conamina
754 3957 812 3992 cum
839 3943 910 3993 irrita
936 3943 1090 4004 evasissent,
1111 3944 1220 4008 Ordines

328 4055 415 4091 manse
442 4040 559 4105 Augusto
585 4040 664 4106 hujus
689 4040 749 4091 anni
776 4041 914 4092 subsidium
942 4041 1051 4094 dandum
1083 4041 1218 4096 deerevere

328 4137 432 4188 840000
448 4138 611 4190 florenorum.
646 4138 703 4190 vit.
723 4154 830 4192 watra.
847 4141 866 4194 1.
888 4141 906 4189 i.
925 4158 952 4207 p.
971 4139 1094 4206 moso.
