2990 4966
695 520 736 582 39

225 721 448 815 comparandis
461 722 638 813 promissis.
677 719 909 808 Praetendens,
925 724 985 812 qui
998 721 1115 788 Romae
1128 746 1193 788 mo·

222 875 370 958 sabatur,
392 872 487 939 initio
513 897 541 938 a.
569 871 655 939 1744
671 869 728 956 jus
749 892 847 936 snum
870 871 906 936 in
929 867 1033 955 lilium
1056 886 1192 936 transtu·

224 1019 282 1106 lit,
306 1020 366 1113 qui
383 1018 492 1088 statim
508 1018 596 1105 regio
618 1015 714 1085 titulo
730 1035 862 1086 ornatus
881 1015 962 1086 olam
979 1019 1015 1084 in
1027 1017 1194 1086 Franciam

223 1167 390 1262 profectus
417 1186 476 1238 est·
521 1167 595 1236 Jam
618 1165 724 1234 classis
746 1166 902 1234 Francica
926 1192 1003 1235 enm
1023 1167 1196 1260 Hispanias

225 1319 404 1403 conjuncta
447 1339 523 1400 cum
559 1311 670 1402 Anglis
706 1317 742 1380 in
780 1331 961 1407 conspectu
996 1313 1198 1382 Telo-Martii

224 1463 381 1554 (Toulon)
411 1463 579 1556 proelium
606 1464 818 1532 commiserat.
862 1465 978 1556 Itaque
1007 1462 1131 1532 bellum
1158 1489 1194 1531 re

222 1615 293 1704 ipsa
327 1611 534 1680 exorsum-d.
561 1615 597 1682 15
623 1638 667 1681 m.
691 1613 783 1681 Mart.
808 1638 827 1680 a
851 1613 934 1701 Rege
956 1614 1108 1682 Franciae
1129 1616 1192 1682 ,ln-

220 1757 301 1850 gliae
327 1759 493 1830 indictum
519 1779 578 1829 est.
630 1764 781 1830 Attamen
808 1763 919 1854 potins
945 1763 982 1829 in
1012 1761 1193 1832 Electorem

223 1912 431 1980 Hannoverae
457 1911 537 1980 haec
564 1909 736 1979 declaratio
775 1911 858 1978 facta
893 1909 1065 1980 videbatur
1097 1937 1196 2005 quam

220 2061 257 2126 in
283 2058 416 2147 Angliae
440 2059 579 2145 Regem:
614 2059 791 2151 praecipue
813 2061 902 2126 enim
932 2062 1129 2152 querebatur
1155 2060 1197 2127 dc

224 2226 326 2301 rupto
346 2205 557 2276 neutralitatis
579 2205 717 2273 foedere.
765 2205 804 2272 D.
824 2211 844 2275 9
865 2231 908 2274 m.
933 2207 1016 2300 Apr.
1036 2227 1198 2277 cnoncws

223 2357 295 2426 Rex
311 2355 503 2450 repondit:
550 2355 718 2424 Lurouco
741 2355 975 2448 exprobrabat,
993 2355 1198 2424 Sanctionem

225 2507 477 2594 Pragmaticam,
500 2529 565 2599 pro
589 2531 655 2598 qna
677 2503 798 2574 tuenda
820 2505 1027 2592 Lotbaringia
1047 2505 1199 2573 Franciae

221 2673 302 2722 esset
333 2677 501 2738 concessa,
534 2653 733 2738 neglectam3
767 2677 800 2718 se
830 2654 984 2740 Reginam
1019 2653 1198 2752 Hnngnriae

223 2803 413 2870 sustinuisse
437 2799 675 2892 profitebatur,
708 2800 786 2892 quia
812 2799 853 2866 ad
880 2799 971 2866 illam
990 2801 1198 2868 Sanctionem

225 2947 380 3018 tuendam
398 2971 432 3014 se
447 2946 637 3015 devinctum
647 2944 832 3034 judicaret3
851 2945 1010 3033 addebat,
1029 2947 1200 3016 Franciam

224 3099 351 3168 moenia
371 3097 574 3164 Dunikcrkae
592 3116 785 3166 restaurasse
807 3096 878 3187 (l),
902 3097 1143 3166 Praeten'demis
1163 3099 1198 3166 ti-

226 3245 308 3316 lium
328 3247 364 3314 in
385 3247 553 3314 Franciam
572 3246 751 3332 admisisse,
774 3247 810 3312 in
829 3248 967 3339 ejusque
991 3250 1125 3333 gratiam
1149 3273 1200 3317 co·

225 3395 294 3490 pias
315 3415 515 3489 comparasse
536 3412 569 3462 et
586 3396 787 3463 exscensioni
806 3396 841 3462 in
865 3394 1012 3485 Angliam
1030 3417 1197 3490 susceptae

228 3544 358 3630 lavisse3
384 3568 418 3612 se
439 3568 516 3612 vero
530 3543 662 3631 Angliae
680 3545 796 3632 Regem
808 3563 944 3638 pactum
966 3547 1197 3632 neutralitatis,

230 3693 321 3784 quod
349 3711 507 3786 tanquam
536 3691 663 3760 Elector
684 3695 825 3782 iniisset,
848 3693 990 3784 religiose
1007 3697 1197 3764 observasse.
1216 3769 1220 3774 ,

274 3875 394 3885 ,κο-,ω

248 3953 288 4020 (l)
323 3955 360 4006 Δι’
377 3954 443 4006 1714
468 3959 569 4022 pscium
589 3959 659 4018 erat,
679 3959 708 4004 nt
724 3956 884 4006 nutriremus
900 3954 1071 4012 munimenta,
1095 3957 1203 4018 portua,

320 4053 398 4104 molet
426 4063 504 4118 atquc
528 4071 631 4120 aggeres
650 4071 784 4119 numquam
808 4056 984 4106 reficerentur.
1020 4052 1078 4105 viu.
1104 4051 1207 4102 omnino

324 4167 427 4202 evitas,
446 4151 541 4204 xvtu.
561 4171 586 4219 p.
606 4155 638 4203 to
657 4168 713 4216 sqq.
950 4134 952 4138 ’
1025 4137 1027 4141 ’
