2990 4966
780 561 822 622 36

363 761 439 828 Art⁰
476 761 516 830 14
566 759 636 826 liex
675 757 829 828 Franciae
875 759 1119 851 fidejussionem
1155 769 1295 860 suscipit

316 909 505 998 Regnorum
539 909 686 1004 Neapolis
719 930 752 980 et
787 913 911 982 Siciliae
946 935 1073 984 csaoro
1111 917 1294 1010 (Hispaniae

317 1061 410 1146 Regis
433 1059 515 1152 filio)
538 1062 678 1154 ejusque
699 1058 886 1129 heredibus.

366 1212 439 1278 drt⁰
464 1213 503 1279 15
547 1209 616 1278 liex
642 1209 814 1302 Hispaniae
846 1209 1048 1304 pollicetur,
1089 1235 1123 1278 se
1159 1236 1293 1304 operam

320 1357 499 1444 daturum,
520 1377 559 1428 ut
577 1359 729 1428 Franciae
748 1359 962 1428 redderentur
984 1386 1068 1455 quae
1084 1376 1148 1431 art⁰
1166 1367 1187 1431 1
1206 1365 1295 1455 pacis

320 1509 550 1598 lssmaJectrnae
572 1511 651 1597 Regi
674 1509 839 1580 Sardiniae
861 1516 1022 1600 cessisset,
1045 1517 1222 1607 praecipue
1247 1542 1294 1585 ca·

315 1657 407 1726 stella
429 1657 519 1726 Oceli
541 1657 685 1746 (Exiles)
706 1676 738 1725 et
759 1657 978 1727 Fenestrellae.

365 1805 441 1871 Art⁰
472 1807 511 1872 16
535 1822 685 1890 cavetur,
718 1823 757 1872 ut
793 1805 896 1872 hocce
929 1805 1042 1872 foedus
1072 1827 1214 1878 maneret
1242 1834 1294 1879 oc·

318 1945 446 2022 cultum
470 1971 505 2020 et
526 1955 682 2038 tacitum,
706 1954 865 2045 quamdiu
883 1972 999 2022 mutuo
1023 1979 1185 2022 consensu
1208 1982 1290 2050 opus

319 2126 385 2170 esse
408 2101 590 2187 videretur,
614 2119 646 2170 et
659 2101 851 2180 habiturum
863 2125 932 2168 esse
946 2113 1075 2192 »pecte
1089 2105 1294 2172 a'rrdvocalle

316 2252 390 2319 »de
405 2252 567 2339 familie,
591 2249 733 2316 d’uaion
755 2259 788 2316 et
809 2249 995 2316 d'ama‘tid”
1019 2249 1079 2340 (l).

361 2401 436 2466 Art⁰
467 2415 612 2490 separato
647 2396 684 2462 ἆῤ
712 2400 752 2465 21
782 2421 827 2462 ιιι.
854 2395 933 2462 Nov.
960 2419 1031 2488 seq.
1067 2393 1180 2462 addito
1213 2393 1293 2464 fide·

311 2548 417 2636 jussio
448 2551 516 2614 art'
540 2549 561 2614 2
590 2545 790 2637 praescripta
817 2542 1003 2610 extenditur
1033 2541 1075 2608 ad
1102 2543 1292 2634 Principem

318 2715 499 2766 remnants
533 2695 657 2762 ratione
694 2689 803 2760 artie
839 2710 872 2759 et
908 2690 950 2758 ad
986 2711 1140 2759 casatus
1168 2691 1292 2759 ratione

315 2848 376 2913 arti
403 2848 454 2913 ll.

363 2993 441 3083 lpso
461 2992 527 3059 hoc
547 3013 634 3057 anno
652 2989 720 3055 Rex
740 2985 906 3071 Poloniae,
927 3010 1018 3072 aegre
1033 2985 1140 3053 ferens
1148 3038 1164 3072 ,.
1173 2987 1292 3074 Regem

318 3139 485 3204 Borussiae
517 3138 554 3202 in
587 3159 668 3226 pace
701 3113 938 3201 Vratislavlcirsi
965 3158 1023 3200 sua
1052 3152 1179 3203 tanturn
1208 3161 1292 3205 com-

320 3283 416 3352 moda
437 3301 595 3375 spectasse
621 3307 683 3350 nec
709 3281 802 3348 sociis
832 3279 1050 3365 consuluisse,
1075 3307 1150 3348 cum
1170 3283 1293 3370 Regina

317 3433 517 3520 Hungariae,
542 3433 596 3500 cui
620 3429 785 3518 augendus
808 3429 971 3496 sociorum
1002 3451 1156 3495 numerus
1183 3430 1291 3496 adrn'o·

318 3580 400 3650 dum
423 3577 515 3648 cordi
537 3597 619 3666 erat,
643 3577 720 3646 d.2
748 3603 792 3645 m.
818 3577 894 3645 Dec.
918 3578 1061 3644 Viennae
1082 3577 1194 3644 foedus
1219 3578 1287 3647 icit.

362 3731 498 3798 Pactum
525 3744 593 3814 est,
627 3743 666 3793 ut
697 3726 767 3793 Rex
794 3724 941 3794 Poloniae
974 3743 1131 3818 tanquam
1159 3725 1287 3796 Elector

313 3943 648 3964 ..m-

335 4091 375 4156 (1)
410 4087 628 4156 Praeparaiorium
655 4083 838 4149 quodammodo
865 4085 915 4137 hcc
943 4087 1033 4139 foedus
1058 4087 1159 4140 ridetur
1187 4088 1295 4141 celebria

330 4202 335 4208 ·
407 4188 478 4239 illiue
495 4187 565 4256 pecti
583 4184 692 4238 familiae
711 4199 858 4236 astrosus.
