2990 4966
665 551 726 614 sti>

268 755 448 850 Imperator
479 773 512 822 et
539 758 611 824 Rex
643 755 808 822 Bcrussiue
835 752 1020 845 spondent,
1042 777 1076 820 se
1101 777 1194 820 num-

201 904 512 998 ¹quamsepuretim
537 901 579 970 de
602 927 682 995 pace
703 919 894 970 tractaturos
917 919 950 970 et
972 925 1098 994 semper
1120 923 1194 971 con-

223 1051 336 1120 cordes
358 1070 499 1120 ecturcs.
543 1050 676 1118 Arc-8.

261 1201 397 1268 Francia
418 1197 533 1266 eodem
549 1197 683 1266 consilio
701 1199 782 1266 huic
804 1197 929 1265 foederi
946 1189 1100 1284 accessit,
1120 1222 1189 1290 quo

222 1372 300 1416 cunr
320 1348 469 1414 Borussiu
489 1346 523 1413 d.
547 1351 568 1414 5
591 1370 635 1413 m.
656 1347 735 1415 Jun.
759 1343 907 1412 Verseliis
929 1343 1043 1412 foedus
1065 1345 1193 1412 inierat.

223 1493 480 1580 constituerant,
508 1513 548 1562 ut
573 1514 779 1563 rnnnnmcus
804 1496 839 1560 in
866 1494 1055 1562 Bchemiam
1081 1495 1198 1560 irrum-

223 1659 318 1734 peret
338 1659 370 1709 et
392 1642 575 1710 Austriaeos
599 1640 772 1727 Alsetiem,
796 1667 896 1734 quam
918 1643 1127 1727 invasissent,
1149 1665 1199 1708 re·

220 1790 369 1885 linquere
384 1809 528 1878 cogeret,
543 1809 583 1859 ut
591 1792 751 1859 exercitus
761 1790 934 1858 Francicus
948 1793 989 1856 ab
999 1789 1198 1883 altereperte

221 1940 257 2006 in
281 1939 464 2024 Baveriem,
488 1940 529 2004 eb
550 1936 646 2006 ultera
670 1939 706 2004 in
729 1935 966 2030 Westphelicm
986 1935 1198 2030 progredere·

222 2103 296 2173 tur,
320 2106 358 2155 ut
383 2088 461 2172 Regi
487 2087 654 2153 Borussiee
681 2086 795 2164 iidem,
809 2087 1001 2170 cederentur
1029 2091 1199 2158 Bohemiae

225 2252 359 2317 unctus,
369 2257 453 2326 quos
467 2231 590 2300 deinde
606 2235 800 2302 concesserit
815 2255 960 2303 cruores
970 2237 1048 2322 vll,
1058 2238 1200 2304 ntFren·

225 2383 291 2449 cine
324 2379 523 2449 dederentur
552 2381 647 2447 urbes
681 2381 786 2473 Yprn,
819 2380 1019 2468 Tornacum,
1053 2383 1198 2470 Furcae,

225 2523 478 2598 Bellomontium
502 2547 535 2597 et
558 2528 742 2615 Gimacum,
765 2548 804 2599 ut
831 2531 957 2598 moenie
978 2531 1202 2619 Luxemburgi

225 2676 445 2746 diruerentur.

176 2843 180 2856 ’
270 2827 313 2892 Ut
339 2825 617 2915 provisum-eret,
641 2804 812 2890 Bciremiae
833 2823 955 2892 invasio
977 2823 1132 2910 Reginum
1159 2827 1200 2892 ab

225 2971 344 3040 Alsatie
367 2989 399 3038 et
426 2969 633 3056 Lotharingiu
661 2968 877 3062 expugnanda
898 2973 1052 3040 evocavit.
1099 2973 1200 3060 Perga

226 3139 340 3214 cepte,
370 3119 439 3185 Rex
470 3117 657 3204 Berussiae,
689 3116 832 3204 vinculi,
868 3143 936 3211 quo
966 3145 1043 3187 cunr
1070 3121 1201 3188 Austris

226 3271 423 3358 conjunctus
451 3285 518 3335 eret
539 3267 608 3334 Rex
633 3265 803 3352 Poloniee,
827 3267 989 3346 insciens,
1013 3265 1061 3333 illi
1081 3291 1202 3360 propo-

224 3421 307 3505 suit,
331 3435 369 3486 ut
391 3400 507 3486 foedus
531 3435 644 3484 contra
667 3416 824 3503 Reginam
849 3416 965 3486 inirete
988 3415 1085 3512 ,quod
1110 3419 1202 3486 nimi·

224 3595 301 3636 rum
323 3570 438 3656 rejecit
460 3567 528 3633 Rex
550 3563 712 3633 Poloniee.

271 3713 375 3784 Simul
400 3733 499 3806 etque
512 3713 597 3782 Unio
610 3709 860 3780 Francofurtinu
878 3708 986 3804 pelam
1004 3709 1089 3780 suctu
1102 3727 1201 3796 esset,

229 3881 336 3929 unuln
360 3881 521 3930 rnrensu
550 3863 688 3954 ejusque
718 3861 816 3946 socii,
848 3877 886 3928 ut
912 3856 994 3925 mule
1022 3855 1098 3923 inde
1120 3881 1203 3956 ¹pro·

227 4033 372 4096 gressura
393 4011 638 4102 praevenirent,
663 4009 894 4104 quaesiverunt
919 4001 1071 4071 remedia.
1118 4003 1203 4072 Cum

232 4159 377 4230 Electore
396 4159 601 4247 Mcguntiscc
620 4161 794 4232 conventio
817 4153 1094 4242 subsidieriejrm
1118 4154 1202 4227 facte
