2990 4966
698 498 736 564 tt

227 705 429 772 conditiones
453 727 518 770 non
540 702 705 790 rejiceret,
729 700 971 792 impediverunt
994 724 1041 767 res
1062 705 1097 766 in
1123 701 1195 766 Pro·

226 852 339 919 viueiis
358 851 463 918 Unitis
482 873 653 920 conversae
671 867 704 916 et
722 849 957 916 Gubernatoria
975 849 1121 916 restituta
1140 873 1194 938 po·

228 1017 336 1086 testas,
361 1023 430 1092 quo
452 1000 560 1064 minus
582 997 625 1064 de
646 996 708 1064 illis
730 1019 821 1083 agere
841 1013 1042 1086 pergeretur.

274 1148 358 1215 Cum
374 1145 453 1212 belli
465 1145 655 1236 proximitas
673 1145 899 1231 negotiationes
915 1145 952 1210 in
974 1145 1055 1211 urbe
1075 1142 1196 1210 Bredae

228 1293 411 1362 continuari
431 1316 500 1358 nou
521 1293 658 1373 sineret,
685 1291 779 1379 legati
802 1291 953 1358 Franciae
973 1308 1005 1358 et
1025 1291 1197 1382 Hispaniae

229 1441 349 1510 Comiti
360 1463 404 1510 ott
415 1461 614 1509 wtsstttttttt
628 1459 888 1534 proposuerunt,
903 1457 941 1507 ut
953 1441 1059 1532 aptior
1071 1437 1194 1525 agendo

229 1588 400 1675 eligeretur
421 1588 534 1675 loeus,
564 1612 633 1680 quo
659 1588 756 1654 simul
780 1589 931 1656 omnium
956 1587 1194 1656 foederatorum

228 1738 322 1824 legati
345 1737 609 1806 admitterentur.
655 1735 827 1806 Communi
843 1759 1010 1842 &consensu
1037 1735 1198 1822 designata

232 1904 280 1954 est
298 1889 377 1954 urbs
399 1887 609 1976 Aquieqroni
630 1884 643 1970 (
666 1885 692 1974 ).

277 2037 437 2104 lustriaei
454 2036 572 2102 interea
589 2033 669 2100 socii
688 2031 863 2100 infeliciter
884 2033 1073 2122 pugnabant
1096 2049 1129 2098 et
1149 2057 1200 2098 au-

232 2185 309 2252 xilia
335 2185 471 2252 Russiee
490 2181 673 2250 desiderare
692 2197 875 2272 coeperant.
923 2179 1146 2246 Cunctabatur
1166 2202 1201 2244 ea

233 2333 361 2400 mittere
382 2331 575 2422 Imperatrix
598 2347 816 2414 austrum,
841 2351 917 2395 oum
937 2343 971 2392 et
992 2327 1081 2417 ipsa,
1104 2349 1145 2390 ne
1165 2327 1201 2394 in

232 2482 417 2572 provincias
445 2480 548 2570 copiis
574 2480 619 2546 ita
649 2477 784 2548 nudatas
811 2475 895 2568 quid
923 2475 1038 2544 hostile
1068 2503 1087 2542 a
1116 2479 1204 2562 Rege

235 2628 400 2694 borussiae
421 2643 620 2710 tentaretur,
645 2627 788 2710 timeret,
812 2643 844 2692 et
870 2626 1027 2715 pecuniae
1049 2623 1206 2692 subsidia·

233 2779 319 2856 riae,
343 2801 443 2868 quam
467 2778 601 2844 Russiae
628 2793 829 2867 praestarent
854 2775 1031 2861 foederati,
1054 2777 1203 2844 nondum

237 2949 362 2991 summa
390 2943 472 2992 esset
507 2925 693 2992 constituta.
745 2924 783 2992 l).
817 2928 860 2993 23
886 2923 1022 2992 demum
1048 2950 1092 2992 nr.
1124 2927 1205 2993 Jun.

238 3069 286 3160 (d.
312 3075 347 3140 ll
366 3088 408 3138 st.
427 3073 472 3158 v.)
502 3073 583 3140 1747
609 3071 723 3138 foedus
746 3075 831 3141 inter
857 3075 1006 3140 Russiam
1025 3093 1056 3140 et
1075 3073 1119 3142 Μ.
1138 3074 1205 3139 Bri·

236 3223 378 3288 tanniam
406 3223 512 3288 ictum
536 3237 603 3304 est,
634 3245 704 3313 quo
735 3220 951 3314 supplebatur
982 3221 1088 3307 illud,
1112 3222 1204 3314 quod

239 3371 355 3436 nussia
382 3393 457 3436 oum
486 3365 615 3434 Austria
637 3367 671 3436 d.
699 3372 720 3436 2
747 3395 791 3435 m.
823 3369 902 3436 «lun.
938 3371 1015 3434 anni
1038 3371 1206 3461 praeteriti

238 3520 364 3584 inierat.
411 3516 590 3599 Convenit,
614 3535 652 3583 ut
676 3519 866 3608 Imperatrix
894 3543 1095 3610 perannum
1121 3521 1202 3590 1747

237 3667 273 3731 in
297 3665 417 3732 fimbns
443 3665 593 3731 Livoniae
615 3667 793 3734 exereitum
817 3671 926 3738 30000
948 3668 1097 3760 peditum
1117 3694 1204 3760 para-

251 3855 351 3866 »ιιι-ιω
358 3857 462 3864 ..ι--υ-υ
471 3855 576 3865 ——qau

255 3936 296 4002 (1)
331 3937 400 3984 Hane
427 3935 559 3998 elegerunt
584 3949 613 3984 ex
640 3935 689 3992 iia,
708 3950 771 3998 quar
790 3935 893 3984 Francia
912 3940 1092 4006 proposuerat,
1114 3935 1212 4004 Aquit-

332 4048 462 4096 9rnnnm,
485 4033 621 4082 ootontam
631 4067 649 4112 ,Ι
662 4033 899 4098 Dueeeldorpium,
919 4037 1065 4101 Anouatnm
1087 4035 1210 4085 Treviro·

334 4145 395 4178 rom
413 4136 439 4179 et
463 4130 635 4185 Vormota'om.
