2990 4966
620 511 662 576 29

154 734 187 782 et
209 717 280 806 ipse
305 713 489 804 Imperator
508 714 678 780 arcebatur
703 735 870 780 asumma
892 717 1050 784 exereitus
1069 718 1125 786 im-

153 863 267 954 perio,
295 885 364 953 quo
387 883 438 928 res
466 858 667 929 labefactatas
685 860 854 930 restituere
874 859 1045 954 cupiebam
1075 889 1125 933 co·

154 1013 227 1102 piae
248 1009 419 1077 Francicae
436 1006 597 1101 denique,
617 1009 739 1101 quibua
759 1009 794 1076 in
809 1009 916 1098 Belgio
934 1035 1017 1103 opus
1037 1030 1121 1100 erat,

153 1155 309 1225 mandatu
330 1156 422 1242 Regis
447 1179 557 1222 mense
580 1155 681 1224 Junio
699 1155 799 1244 hujus
820 1160 897 1225 anni
919 1157 1123 1252 reliquerunt

155 1305 331 1373 Bavariam.
377 1293 417 1370 A'
435 1303 531 1371 sociis
559 1301 704 1370 desertus
730 1323 876 1373 ctaotus
902 1305 963 1373 vll
991 1325 1125 1376 conatus

153 1471 202 1519 cst
229 1451 466 1520 neutralitatem
496 1475 629 1519 sumum
655 1453 823 1538 regionum
851 1450 1023 1545 depacisci.
1066 1454 1126 1522 Per

153 1599 231 1669 belli
249 1600 368 1670 ducem
383 1618 613 1668 sacurrnoarr
623 1600 658 1666 in
679 1597 862 1691 eudomio,
883 1599 974 1693 quod
995 1625 1072 1670 eum
1084 1624 1123 1668 eo

156 1769 301 1818 canotus
308 1748 471 1839 Princeps
484 1746 727 1838 Lothcra‘agiar
741 1746 777 1814 d.
789 1749 830 1817 27
841 1772 886 1815 m.
895 1748 975 1816 Jun.
990 1748 1121 1833 habuit,

154 1915 290 1991 pactum
307 1895 498 1988 proposuit,
521 1896 616 1982 cujus
631 1896 787 1986 Princeps
802 1895 889 1963 hane
908 1913 1034 1965 tantum
1051 1920 1124 1989 pro·

154 2045 243 2114 bavit
263 2042 502 2128 conditionem,
524 2061 563 2110 ut
576 2061 640 2111 tres
655 2043 909 2112 Bavariae'urbes
927 2043 1121 2130 (Braunau,

154 2190 340 2296 δινιιιιὸιίις]ι
359 2210 392 2259 et
412 2190 646 2282 Reiclteulaall)
668 2192 910 2259 remitterentur
927 2192 1122 2276 Austriacis,

154 2363 332 2431 earumque
363 2338 521 2432 praesidia
551 2339 705 2408 Francica
735 2357 769 2406 et
799 2339 996 2408 Bavarieusia
1023 2338 1123 2406 libere

154 2489 296 2556 exirent:
325 2485 465 2580 reliquas
489 2488 653 2558 mandavit
678 2489 799 2576 Regina
821 2489 1017 2577 Hungariae,
1040 2513 1124 2583 quae

153 2634 195 2704 de
222 2635 422 2704 neutralitate
447 2635 583 2729 quidem
602 2639 816 2706 inscientibus
844 2639 937 2706 sociis
966 2662 1057 2723 agere
1077 2661 1125 2704 re·

156 2786 296 2870 curavit,
313 2784 369 2852 sed
390 2785 499 2855 verbis
517 2753 704 2871 declaravit,
724 2809 758 2852 se
779 2785 888 2876 copias
902 2765 1120 2868 Bavarienscs,

152 2931 310 3024 quamdiu
336 2934 371 3000 in
399 2952 513 3002 neutra
538 2935 666 3020 regione
695 2934 822 3026 quietae
849 2932 1020 3020 degerent,
1051 2955 1120 3002 non

152 3101 378 3166 aggressuram.

195 3228 330 3316 Angla,
355 3229 436 3298 dum
466 3251 621 3300 wauroutt
648 3235 774 3326 primus
800 3229 989 3300 administer
1019 3247 1122 3316 esset,
1186 3213 1190 3226 ⁸

151 3380 226 3470 paci
242 3378 465 3447 restaurandae
486 3403 616 3472 operam
633 3379 745 3466 dedit3
772 3381 869 3446 rebus
890 3403 968 3448 vero
991 3399 1123 3448 conver·

151 3528 193 3594 ais
211 3541 243 3595 ct
263 3527 428 3596 inlocum
447 3548 608 3596 warram
629 3529 771 3596 suffectis
789 3547 960 3596 eanrrarr
981 3546 1014 3596 et
1038 3547 1123 3596 raw-

151 3695 290 3762 cmm,
315 3675 357 3742 ad
377 3674 500 3744 bellum
519 3675 675 3745 inclinare
694 3677 759 3745 visa
786 3691 844 3743 est.
890 3675 1057 3744 Exercitus
1081 3698 1121 3742 ex

150 3821 282 3909 Anglis,
308 3823 413 3890 Hassis
441 3842 473 3892 et
495 3823 731 3892 Hannoveranis
756 3824 953 3916 compositus
976 3850 1006 3890 a.
1036 3823 1119 3892 1742

148 3969 192 4035 in'
202 3968 311 4058 Belgio
334 3989 536 4064 comparatus
559 3991 620 4041 est.
664 3971 905 4040 Neutralitatem
932 3996 992 4062 per
1014 3987 1120 4038 totum

145 4119 242 4186 etiam
262 4118 353 4185 hune
378 4144 502 4188 annum
524 4121 590 4188 Rex
616 4139 777 4190 ororotos
793 4119 945 4204 servavit,
968 4118 1027 4184 sed
1045 4142 1119 4186 con·
