<?xml version="1.0" encoding="UTF-8"?>
<!DOCTYPE html PUBLIC "-//W3C//DTD XHTML 1.0 Transitional//EN"
    "http://www.w3.org/TR/xhtml1/DTD/xhtml1-transitional.dtd">
<html xmlns="http://www.w3.org/1999/xhtml" xml:lang="en" lang="en">
 <head>
  <title>
</title>
<meta http-equiv="Content-Type" content="text/html;charset=utf-8" />
  <meta name='ocr-system' content='tesseract 3.04.00' />
  <meta name='ocr-capabilities' content='ocr_page ocr_carea ocr_par ocr_line ocrx_word'/>
</head>
<body>
  <div class='ocr_page' id='page_1' title='image "./dissertatiopoli00volcgoog_0045.png"; bbox 0 0 2990 4966; ppageno 0'>
   <div class='ocr_carea' id='block_1_1' title="bbox 691 525 732 590">
    <p class='ocr_par' dir='ltr' id='par_1_1' title="bbox 691 525 732 590">
     <span class='ocr_line' id='line_1_1' title="bbox 691 525 732 590; baseline -0.024 0"><span class='ocrx_word' id='word_1_1' title='bbox 691 525 732 590; x_wconf 77' lang='lat'><strong>³3</strong></span> 
     </span>
    </p>
   </div>
   <div class='ocr_carea' id='block_1_2' title="bbox 217 726 1244 3046">
    <p class='ocr_par' dir='ltr' id='par_1_2' title="bbox 226 726 1195 1118">
     <span class='ocr_line' id='line_1_2' title="bbox 231 726 1195 822; baseline 0.002 -26"><span class='ocrx_word' id='word_1_2' title='bbox 231 731 305 796; x_wconf 87' lang='lat' dir='ltr'><strong>lm.</strong></span> <span class='ocrx_word' id='word_1_3' title='bbox 327 726 408 812; x_wconf 73' lang='lat' dir='ltr'><strong>Aug.</strong></span> <span class='ocrx_word' id='word_1_4' title='bbox 429 728 676 814; x_wconf 77' lang='lat' dir='ltr'><strong>negotiationem</strong></span> <span class='ocrx_word' id='word_1_5' title='bbox 698 727 848 816; x_wconf 81' lang='lat' dir='ltr'><strong>diremit3</strong></span> <span class='ocrx_word' id='word_1_6' title='bbox 875 754 974 822; x_wconf 89' lang='lat' dir='ltr'><strong>quam</strong></span> <span class='ocrx_word' id='word_1_7' title='bbox 992 754 1033 798; x_wconf 90' lang='lat' dir='ltr'><strong>uc</strong></span> <span class='ocrx_word' id='word_1_8' title='bbox 1056 752 1195 798; x_wconf 88' lang='lat' dir='ltr'><strong>momen·</strong></span> 
     </span>
     <span class='ocr_line' id='line_1_3' title="bbox 226 873 1195 967; baseline 0.003 -25"><span class='ocrx_word' id='word_1_9' title='bbox 226 893 261 942; x_wconf 85' lang='lat' dir='ltr'><strong>to</strong></span> <span class='ocrx_word' id='word_1_10' title='bbox 283 873 418 967; x_wconf 86' lang='lat' dir='ltr'><strong>quidem</strong></span> <span class='ocrx_word' id='word_1_11' title='bbox 440 877 528 944; x_wconf 87' lang='lat' dir='ltr'><strong>bona</strong></span> <span class='ocrx_word' id='word_1_12' title='bbox 552 875 617 943; x_wconf 82' lang='lat' dir='ltr'><strong>fide</strong></span> <span class='ocrx_word' id='word_1_13' title='bbox 641 895 794 962; x_wconf 81' lang='lat' dir='ltr'><strong>gesserat,</strong></span> <span class='ocrx_word' id='word_1_14' title='bbox 816 875 852 944; x_wconf 90' lang='lat' dir='ltr'><strong>id</strong></span> <span class='ocrx_word' id='word_1_15' title='bbox 873 896 1002 947; x_wconf 89' lang='lat' dir='ltr'><strong>tantum</strong></span> <span class='ocrx_word' id='word_1_16' title='bbox 1021 901 1135 965; x_wconf 80' lang='lat' dir='ltr'><strong>egens,</strong></span> <span class='ocrx_word' id='word_1_17' title='bbox 1158 896 1195 945; x_wconf 87' lang='lat' dir='ltr'><strong>ut</strong></span> 
     </span>
     <span class='ocr_line' id='line_1_4' title="bbox 227 1025 1092 1118; baseline 0.002 -26"><span class='ocrx_word' id='word_1_18' title='bbox 227 1025 433 1118; x_wconf 84' lang='lat' dir='ltr'><strong>imperatoris</strong></span> <span class='ocrx_word' id='word_1_19' title='bbox 461 1051 538 1094; x_wconf 91' lang='lat' dir='ltr'><strong>cum</strong></span> <span class='ocrx_word' id='word_1_20' title='bbox 560 1026 695 1093; x_wconf 77' lang='lat' dir='ltr'><strong>Francia</strong></span> <span class='ocrx_word' id='word_1_21' title='bbox 716 1050 910 1094; x_wconf 88' lang='lat' dir='ltr'><strong>consensum</strong></span> <span class='ocrx_word' id='word_1_22' title='bbox 936 1029 1092 1095; x_wconf 87' lang='lat' dir='ltr'><strong>turbaret.</strong></span> 
     </span>
    </p>

    <p class='ocr_par' dir='ltr' id='par_1_3' title="bbox 222 1171 1244 2159">
     <span class='ocr_line' id='line_1_5' title="bbox 270 1171 1196 1268; baseline -0.001 -28"><span class='ocrx_word' id='word_1_23' title='bbox 270 1172 335 1242; x_wconf 88' lang='lat' dir='ltr'><strong>Nec</strong></span> <span class='ocrx_word' id='word_1_24' title='bbox 366 1193 473 1242; x_wconf 88' lang='lat' dir='ltr'><strong>tamen</strong></span> <span class='ocrx_word' id='word_1_25' title='bbox 500 1171 699 1266; x_wconf 83' lang='lat' dir='ltr'><strong>lmp&#39;erator,</strong></span> <span class='ocrx_word' id='word_1_26' title='bbox 731 1200 931 1268; x_wconf 79' lang='lat' dir='ltr'><strong>quamquam</strong></span> <span class='ocrx_word' id='word_1_27' title='bbox 955 1173 1039 1242; x_wconf 89' lang='lat' dir='ltr'><strong>bello</strong></span> <span class='ocrx_word' id='word_1_28' title='bbox 1065 1175 1196 1267; x_wconf 87' lang='lat' dir='ltr'><strong>penitus</strong></span> 
     </span>
     <span class='ocr_line' id='line_1_6' title="bbox 224 1321 1198 1414; baseline 0.002 -26"><span class='ocrx_word' id='word_1_29' title='bbox 224 1321 380 1408; x_wconf 84' lang='lat' dir='ltr'><strong>afflictus,</strong></span> <span class='ocrx_word' id='word_1_30' title='bbox 403 1345 518 1414; x_wconf 88' lang='lat' dir='ltr'><strong>pacem</strong></span> <span class='ocrx_word' id='word_1_31' title='bbox 536 1321 734 1414; x_wconf 82' lang='lat' dir='ltr'><strong>desperavit:</strong></span> <span class='ocrx_word' id='word_1_32' title='bbox 763 1323 892 1388; x_wconf 90' lang='lat' dir='ltr'><strong>easdem</strong></span> <span class='ocrx_word' id='word_1_33' title='bbox 913 1322 1021 1390; x_wconf 90' lang='lat' dir='ltr'><strong>denuo</strong></span> <span class='ocrx_word' id='word_1_34' title='bbox 1045 1321 1198 1390; x_wconf 83' lang='lat' dir='ltr'><strong>conditio</strong></span> 
     </span>
     <span class='ocr_line' id='line_1_7' title="bbox 226 1468 1194 1562; baseline 0 -26"><span class='ocrx_word' id='word_1_35' title='bbox 226 1493 282 1536; x_wconf 88' lang='lat' dir='ltr'><strong>nes</strong></span> <span class='ocrx_word' id='word_1_36' title='bbox 303 1494 341 1536; x_wconf 90' lang='lat' dir='ltr'><strong>ac</strong></span> <span class='ocrx_word' id='word_1_37' title='bbox 359 1468 424 1536; x_wconf 92' lang='lat' dir='ltr'><strong>diei</strong></span> <span class='ocrx_word' id='word_1_38' title='bbox 449 1473 485 1540; x_wconf 85' lang='lat'><strong>15</strong></span> <span class='ocrx_word' id='word_1_39' title='bbox 500 1469 593 1538; x_wconf 87' lang='lat' dir='ltr'><strong>Junii</strong></span> <span class='ocrx_word' id='word_1_40' title='bbox 616 1471 694 1556; x_wconf 83' lang='lat' dir='ltr'><strong>Regi</strong></span> <span class='ocrx_word' id='word_1_41' title='bbox 714 1468 842 1556; x_wconf 78' lang='lat' dir='ltr'><strong>Angliae</strong></span> <span class='ocrx_word' id='word_1_42' title='bbox 862 1471 1052 1562; x_wconf 84' lang='lat' dir='ltr'><strong>proposuit,</strong></span> <span class='ocrx_word' id='word_1_43' title='bbox 1072 1471 1194 1562; x_wconf 88' lang='lat' dir='ltr'><strong>quibus</strong></span> 
     </span>
     <span class='ocr_line' id='line_1_8' title="bbox 225 1615 1244 1712; baseline 0.005 -31"><span class='ocrx_word' id='word_1_44' title='bbox 225 1615 374 1703; x_wconf 85' lang='lat' dir='ltr'><strong>eddidit,</strong></span> <span class='ocrx_word' id='word_1_45' title='bbox 397 1635 435 1686; x_wconf 89' lang='lat' dir='ltr'><strong>ut</strong></span> <span class='ocrx_word' id='word_1_46' title='bbox 458 1617 634 1684; x_wconf 85' lang='lat' dir='ltr'><strong>referretur</strong></span> <span class='ocrx_word' id='word_1_47' title='bbox 655 1616 696 1684; x_wconf 83' lang='lat' dir='ltr'><strong>ad</strong></span> <span class='ocrx_word' id='word_1_48' title='bbox 719 1617 899 1712; x_wconf 83' lang='lat' dir='ltr'><strong>Imperium</strong></span> <span class='ocrx_word' id='word_1_49' title='bbox 917 1615 959 1684; x_wconf 89' lang='lat' dir='ltr'><strong>de</strong></span> <span class='ocrx_word' id='word_1_50' title='bbox 978 1617 1198 1712; x_wconf 89' lang='lat' dir='ltr'><strong>comparando</strong></span> <span class='ocrx_word' id='word_1_51' title='bbox 1236 1673 1244 1686; x_wconf 93' lang='lat'><em>.</em></span> 
     </span>
     <span class='ocr_line' id='line_1_9' title="bbox 223 1767 1196 1861; baseline -0.002 -25"><span class='ocrx_word' id='word_1_52' title='bbox 223 1771 510 1838; x_wconf 82' lang='lat' dir='ltr'><strong>exercituneutro</strong></span> <span class='ocrx_word' id='word_1_53' title='bbox 531 1767 572 1836; x_wconf 89' lang='lat' dir='ltr'><strong>ad</strong></span> <span class='ocrx_word' id='word_1_54' title='bbox 591 1767 829 1860; x_wconf 83' lang='lat' dir='ltr'><strong>protegendum</strong></span> <span class='ocrx_word' id='word_1_55' title='bbox 851 1769 1024 1854; x_wconf 84' lang='lat' dir='ltr'><strong>Rhenum,</strong></span> <span class='ocrx_word' id='word_1_56' title='bbox 1048 1769 1103 1836; x_wconf 88' lang='lat' dir='ltr'><strong>cui</strong></span> <span class='ocrx_word' id='word_1_57' title='bbox 1125 1771 1196 1861; x_wconf 89' lang='lat' dir='ltr'><strong>ipse</strong></span> 
     </span>
     <span class='ocr_line' id='line_1_10' title="bbox 222 1917 1198 2011; baseline -0.003 -24"><span class='ocrx_word' id='word_1_58' title='bbox 222 1919 414 2009; x_wconf 75' lang='lat' dir='ltr'><strong>adjungeret</strong></span> <span class='ocrx_word' id='word_1_59' title='bbox 437 1923 543 1990; x_wconf 76' lang='grc'>15000</span> <span class='ocrx_word' id='word_1_60' title='bbox 570 1917 685 1986; x_wconf 89' lang='lat' dir='ltr'><strong>milites</strong></span> <span class='ocrx_word' id='word_1_61' title='bbox 710 1919 933 2004; x_wconf 85' lang='lat' dir='ltr'><strong>Bavarienscs,</strong></span> <span class='ocrx_word' id='word_1_62' title='bbox 962 1935 995 1986; x_wconf 91' lang='lat' dir='ltr'><strong>et</strong></span> <span class='ocrx_word' id='word_1_63' title='bbox 1020 1936 1059 1986; x_wconf 91' lang='lat' dir='ltr'><strong>ut</strong></span> <span class='ocrx_word' id='word_1_64' title='bbox 1082 1919 1198 2011; x_wconf 86' lang='lat' dir='ltr'><strong>praesi-</strong></span> 
     </span>
     <span class='ocr_line' id='line_1_11' title="bbox 223 2063 1029 2159; baseline 0.001 -27"><span class='ocrx_word' id='word_1_65' title='bbox 223 2066 277 2133; x_wconf 89' lang='lat' dir='ltr'><strong>dia</strong></span> <span class='ocrx_word' id='word_1_66' title='bbox 299 2066 553 2159; x_wconf 79' lang='lat' dir='ltr'><strong>Philippoburgi</strong></span> <span class='ocrx_word' id='word_1_67' title='bbox 576 2084 610 2134; x_wconf 88' lang='lat' dir='ltr'><strong>et</strong></span> <span class='ocrx_word' id='word_1_68' title='bbox 635 2064 753 2133; x_wconf 90' lang='lat' dir='ltr'><strong>castelli</strong></span> <span class='ocrx_word' id='word_1_69' title='bbox 778 2063 867 2132; x_wconf 84' lang='lat' dir='ltr'><strong>Keltl</strong></span> <span class='ocrx_word' id='word_1_70' title='bbox 890 2084 1029 2151; x_wconf 85' lang='lat' dir='ltr'><strong>augeret.</strong></span> 
     </span>
    </p>

    <p class='ocr_par' dir='ltr' id='par_1_4' title="bbox 217 2211 1198 3046">
     <span class='ocr_line' id='line_1_12' title="bbox 267 2211 1195 2306; baseline -0.001 -25"><span class='ocrx_word' id='word_1_71' title='bbox 267 2215 359 2283; x_wconf 80' lang='lat' dir='ltr'><strong>Tunc</strong></span> <span class='ocrx_word' id='word_1_72' title='bbox 381 2239 458 2282; x_wconf 86' lang='lat' dir='ltr'><strong>vero</strong></span> <span class='ocrx_word' id='word_1_73' title='bbox 488 2211 584 2300; x_wconf 74' lang='lat' dir='ltr'><strong>Angli</strong></span> <span class='ocrx_word' id='word_1_74' title='bbox 615 2213 753 2306; x_wconf 83' lang='lat' dir='ltr'><strong>professi</strong></span> <span class='ocrx_word' id='word_1_75' title='bbox 775 2231 872 2298; x_wconf 90' lang='lat' dir='ltr'><strong>sunt,</strong></span> <span class='ocrx_word' id='word_1_76' title='bbox 895 2214 1049 2300; x_wconf 87' lang='lat' dir='ltr'><strong>Reginam</strong></span> <span class='ocrx_word' id='word_1_77' title='bbox 1076 2239 1094 2279; x_wconf 85' lang='lat' dir='ltr'><strong>a</strong></span> <span class='ocrx_word' id='word_1_78' title='bbox 1116 2237 1195 2304; x_wconf 85' lang='lat' dir='ltr'><strong>pace</strong></span> 
     </span>
     <span class='ocr_line' id='line_1_13' title="bbox 223 2359 1195 2453; baseline -0.002 -25"><span class='ocrx_word' id='word_1_79' title='bbox 223 2360 452 2430; x_wconf 84' lang='lat' dir='ltr'><strong>concludenda</strong></span> <span class='ocrx_word' id='word_1_80' title='bbox 478 2385 546 2428; x_wconf 90' lang='lat' dir='ltr'><strong>esse</strong></span> <span class='ocrx_word' id='word_1_81' title='bbox 572 2359 731 2446; x_wconf 83' lang='lat' dir='ltr'><strong>alienum,</strong></span> <span class='ocrx_word' id='word_1_82' title='bbox 762 2386 828 2453; x_wconf 83' lang='lat' dir='ltr'><strong>qua</strong></span> <span class='ocrx_word' id='word_1_83' title='bbox 850 2361 1004 2428; x_wconf 88' lang='lat' dir='ltr'><strong>sibinon</strong></span> <span class='ocrx_word' id='word_1_84' title='bbox 1034 2363 1075 2428; x_wconf 87' lang='lat' dir='ltr'><strong>ab</strong></span> <span class='ocrx_word' id='word_1_85' title='bbox 1103 2363 1195 2428; x_wconf 89' lang='lat' dir='ltr'><strong>omni</strong></span> 
     </span>
     <span class='ocr_line' id='line_1_14' title="bbox 221 2509 1198 2603; baseline -0.002 -25"><span class='ocrx_word' id='word_1_86' title='bbox 221 2529 314 2603; x_wconf 86' lang='lat' dir='ltr'><strong>parte</strong></span> <span class='ocrx_word' id='word_1_87' title='bbox 332 2511 513 2578; x_wconf 85' lang='lat' dir='ltr'><strong>satisfieret:</strong></span> <span class='ocrx_word' id='word_1_88' title='bbox 538 2509 627 2578; x_wconf 87' lang='lat' dir='ltr'><strong>iilam</strong></span> <span class='ocrx_word' id='word_1_89' title='bbox 651 2512 808 2578; x_wconf 88' lang='lat' dir='ltr'><strong>nimirum</strong></span> <span class='ocrx_word' id='word_1_90' title='bbox 832 2509 1053 2596; x_wconf 80' lang='lat' dir='ltr'><strong>Lotharingiae</strong></span> <span class='ocrx_word' id='word_1_91' title='bbox 1077 2533 1198 2603; x_wconf 90' lang='lat' dir='ltr'><strong>posses·</strong></span> 
     </span>
     <span class='ocr_line' id='line_1_15' title="bbox 223 2657 1196 2750; baseline 0.001 -26"><span class='ocrx_word' id='word_1_92' title='bbox 223 2660 347 2725; x_wconf 89' lang='lat' dir='ltr'><strong>sionem</strong></span> <span class='ocrx_word' id='word_1_93' title='bbox 370 2675 539 2749; x_wconf 71' lang='lat' dir='ltr'><strong>appetere,</strong></span> <span class='ocrx_word' id='word_1_94' title='bbox 562 2676 594 2724; x_wconf 88' lang='lat' dir='ltr'><strong>et</strong></span> <span class='ocrx_word' id='word_1_95' title='bbox 620 2659 752 2725; x_wconf 83' lang='lat' dir='ltr'><strong>interim</strong></span> <span class='ocrx_word' id='word_1_96' title='bbox 779 2659 943 2726; x_wconf 80' lang='lat' dir='ltr'><strong>Bavarirm</strong></span> <span class='ocrx_word' id='word_1_97' title='bbox 969 2677 1125 2750; x_wconf 89' lang='lat' dir='ltr'><strong>tanquam</strong></span> <span class='ocrx_word' id='word_1_98' title='bbox 1144 2657 1196 2725; x_wconf 86' lang='lat' dir='ltr'><strong>de·</strong></span> 
     </span>
     <span class='ocr_line' id='line_1_16' title="bbox 217 2805 1196 2898; baseline -0.004 -24"><span class='ocrx_word' id='word_1_99' title='bbox 217 2807 370 2898; x_wconf 89' lang='lat' dir='ltr'><strong>positum</strong></span> <span class='ocrx_word' id='word_1_100' title='bbox 404 2823 617 2876; x_wconf 83' lang='lat' dir='ltr'><strong>retenturam:</strong></span> <span class='ocrx_word' id='word_1_101' title='bbox 661 2805 868 2897; x_wconf 90' lang='lat' dir='ltr'><strong>Imperatoris</strong></span> <span class='ocrx_word' id='word_1_102' title='bbox 901 2828 990 2888; x_wconf 91' lang='lat' dir='ltr'><strong>esse,</strong></span> <span class='ocrx_word' id='word_1_103' title='bbox 1026 2807 1053 2870; x_wconf 93' lang='lat' dir='ltr'><strong>si</strong></span> <span class='ocrx_word' id='word_1_104' title='bbox 1087 2829 1196 2872; x_wconf 85' lang='lat' dir='ltr'><strong>revera</strong></span> 
     </span>
     <span class='ocr_line' id='line_1_17' title="bbox 223 2950 1196 3046; baseline -0.002 -26"><span class='ocrx_word' id='word_1_105' title='bbox 223 2955 348 3046; x_wconf 87' lang='lat' dir='ltr'><strong>pacisci</strong></span> <span class='ocrx_word' id='word_1_106' title='bbox 376 2951 489 3038; x_wconf 79' lang='lat' dir='ltr'><strong>vellet,</strong></span> <span class='ocrx_word' id='word_1_107' title='bbox 513 2953 653 3038; x_wconf 85' lang='lat' dir='ltr'><strong>efficere,</strong></span> <span class='ocrx_word' id='word_1_108' title='bbox 676 2971 715 3020; x_wconf 86' lang='lat' dir='ltr'><strong>ut</strong></span> <span class='ocrx_word' id='word_1_109' title='bbox 733 2950 859 3019; x_wconf 90' lang='lat' dir='ltr'><strong>bellum</strong></span> <span class='ocrx_word' id='word_1_110' title='bbox 882 2952 922 3017; x_wconf 86' lang='lat' dir='ltr'><strong>ab</strong></span> <span class='ocrx_word' id='word_1_111' title='bbox 942 2950 1084 3043; x_wconf 82' lang='lat' dir='ltr'><strong>imperio</strong></span> <span class='ocrx_word' id='word_1_112' title='bbox 1100 2952 1196 3018; x_wconf 81' lang='lat' dir='ltr'><strong>Fran-</strong></span> 
     </span>
    </p>
   </div>
   <div class='ocr_carea' id='block_1_3' title="bbox 227 3099 1195 3198">
    <p class='ocr_par' dir='ltr' id='par_1_5' title="bbox 227 3099 1195 3198">
     <span class='ocr_line' id='line_1_18' title="bbox 227 3099 1195 3198; baseline -0.006 -24"><span class='ocrx_word' id='word_1_113' title='bbox 227 3106 293 3174; x_wconf 88' lang='lat' dir='ltr'><strong>ciae</strong></span> <span class='ocrx_word' id='word_1_114' title='bbox 312 3105 531 3190; x_wconf 83' lang='lat' dir='ltr'><strong>indiceretur,</strong></span> <span class='ocrx_word' id='word_1_115' title='bbox 556 3127 624 3196; x_wconf 90' lang='lat' dir='ltr'><strong>quo</strong></span> <span class='ocrx_word' id='word_1_116' title='bbox 643 3103 730 3170; x_wconf 84' lang='lat' dir='ltr'><strong>facto</strong></span> <span class='ocrx_word' id='word_1_117' title='bbox 748 3102 927 3198; x_wconf 83' lang='lat' dir='ltr'><strong>Imperium</strong></span> <span class='ocrx_word' id='word_1_118' title='bbox 948 3099 1117 3186; x_wconf 76' lang='lat' dir='ltr'><strong>Alsatinm,</strong></span> <span class='ocrx_word' id='word_1_119' title='bbox 1139 3101 1195 3168; x_wconf 83' lang='lat' dir='ltr'><strong>Re-</strong></span> 
     </span>
    </p>
   </div>
   <div class='ocr_carea' id='block_1_4' title="bbox 224 3224 1193 3343">
    <p class='ocr_par' dir='ltr' id='par_1_6' title="bbox 224 3224 1193 3343">
     <span class='ocr_line' id='line_1_19' title="bbox 224 3224 1193 3343; baseline -0.001 -24"><span class='ocrx_word' id='word_1_120' title='bbox 224 3254 298 3338; x_wconf 84' lang='lat' dir='ltr'><strong>gina</strong></span> <span class='ocrx_word' id='word_1_121' title='bbox 319 3252 561 3338; x_wconf 83' lang='lat' dir='ltr'><strong>Letharingiam</strong></span> <span class='ocrx_word' id='word_1_122' title='bbox 581 3253 751 3343; x_wconf 84' lang='lat' dir='ltr'><strong>acquirere</strong></span> <span class='ocrx_word' id='word_1_123' title='bbox 771 3267 896 3342; x_wconf 90' lang='lat' dir='ltr'><strong>posset,</strong></span> <span class='ocrx_word' id='word_1_124' title='bbox 919 3249 960 3316; x_wconf 84' lang='lat' dir='ltr'><strong>ad</strong></span> <span class='ocrx_word' id='word_1_125' title='bbox 981 3275 1063 3341; x_wconf 83' lang='lat' dir='ltr'><strong>quae</strong></span> <span class='ocrx_word' id='word_1_126' title='bbox 1087 3224 1193 3343; x_wconf 80' lang='lat' dir='ltr'><strong>perse·</strong></span> 
     </span>
    </p>
   </div>
   <div class='ocr_carea' id='block_1_5' title="bbox 219 3397 1195 3493">
    <p class='ocr_par' dir='ltr' id='par_1_7' title="bbox 219 3397 1195 3493">
     <span class='ocr_line' id='line_1_20' title="bbox 219 3397 1195 3493; baseline -0.002 -25"><span class='ocrx_word' id='word_1_127' title='bbox 219 3401 358 3493; x_wconf 83' lang='lat' dir='ltr'><strong>quenda</strong></span> <span class='ocrx_word' id='word_1_128' title='bbox 376 3403 404 3466; x_wconf 92' lang='lat' dir='ltr'><strong>si</strong></span> <span class='ocrx_word' id='word_1_129' title='bbox 416 3401 596 3492; x_wconf 79' lang='lat' dir='ltr'><strong>imperator</strong></span> <span class='ocrx_word' id='word_1_130' title='bbox 610 3397 703 3467; x_wconf 85' lang='lat' dir='ltr'><strong>vellet</strong></span> <span class='ocrx_word' id='word_1_131' title='bbox 718 3421 928 3482; x_wconf 87' lang='lat' dir='ltr'><strong>concurrere,</strong></span> <span class='ocrx_word' id='word_1_132' title='bbox 941 3397 984 3465; x_wconf 84' lang='lat' dir='ltr'><strong>M.</strong></span> <span class='ocrx_word' id='word_1_133' title='bbox 995 3398 1195 3466; x_wconf 78' lang='lat' dir='ltr'><strong>Britanniam</strong></span> 
     </span>
    </p>
   </div>
   <div class='ocr_carea' id='block_1_6' title="bbox 1 3545 980 3634">
    <p class='ocr_par' dir='ltr' id='par_1_8' title="bbox 1 3545 980 3634">
     <span class='ocr_line' id='line_1_21' title="bbox 1 3545 980 3634; baseline 0.002 -21"><span class='ocrx_word' id='word_1_134' title='bbox 1 3577 2 3604; x_wconf 64' lang='grc' dir='ltr'>ι</span> <span class='ocrx_word' id='word_1_135' title='bbox 102 3561 104 3566; x_wconf 87' lang='grc'><strong>“</strong></span> <span class='ocrx_word' id='word_1_136' title='bbox 224 3569 256 3618; x_wconf 92' lang='lat' dir='ltr'><strong>et</strong></span> <span class='ocrx_word' id='word_1_137' title='bbox 279 3549 417 3620; x_wconf 86' lang='lat' dir='ltr'><strong>Ordines</strong></span> <span class='ocrx_word' id='word_1_138' title='bbox 440 3573 517 3616; x_wconf 90' lang='lat' dir='ltr'><strong>eum</strong></span> <span class='ocrx_word' id='word_1_139' title='bbox 535 3547 688 3614; x_wconf 89' lang='lat' dir='ltr'><strong>subsidiis</strong></span> <span class='ocrx_word' id='word_1_140' title='bbox 710 3545 880 3634; x_wconf 88' lang='lat' dir='ltr'><strong>adjuturos</strong></span> <span class='ocrx_word' id='word_1_141' title='bbox 904 3571 980 3615; x_wconf 89' lang='lat' dir='ltr'><strong>esse.</strong></span> 
     </span>
    </p>
   </div>
   <div class='ocr_carea' id='block_1_7' title="bbox 222 3692 1195 4087">
    <p class='ocr_par' dir='ltr' id='par_1_9' title="bbox 222 3692 1195 4087">
     <span class='ocr_line' id='line_1_22' title="bbox 222 3692 1194 3791; baseline -0.003 -26"><span class='ocrx_word' id='word_1_142' title='bbox 222 3733 225 3744; x_wconf 91' lang='lat'>·</span> <span class='ocrx_word' id='word_1_143' title='bbox 269 3695 314 3765; x_wconf 85' lang='lat' dir='ltr'><strong>Ne</strong></span> <span class='ocrx_word' id='word_1_144' title='bbox 335 3697 624 3791; x_wconf 81' lang='lat' dir='ltr'><strong>praetermittamus</strong></span> <span class='ocrx_word' id='word_1_145' title='bbox 647 3693 780 3780; x_wconf 80' lang='lat' dir='ltr'><strong>foedus,</strong></span> <span class='ocrx_word' id='word_1_146' title='bbox 812 3692 903 3787; x_wconf 88' lang='lat' dir='ltr'><strong>quod</strong></span> <span class='ocrx_word' id='word_1_147' title='bbox 929 3693 962 3760; x_wconf 92' lang='lat' dir='ltr'><strong>d.</strong></span> <span class='ocrx_word' id='word_1_148' title='bbox 986 3699 1027 3764; x_wconf 81' lang='lat'><strong>25</strong></span> <span class='ocrx_word' id='word_1_149' title='bbox 1056 3719 1100 3760; x_wconf 90' lang='lat' dir='ltr'><strong>m.</strong></span> <span class='ocrx_word' id='word_1_150' title='bbox 1122 3693 1194 3762; x_wconf 88' lang='lat' dir='ltr'><strong>Oet.</strong></span> 
     </span>
     <span class='ocr_line' id='line_1_23' title="bbox 225 3841 1194 3938; baseline -0.003 -27"><span class='ocrx_word' id='word_1_151' title='bbox 225 3870 254 3912; x_wconf 85' lang='lat' dir='ltr'><strong>s.</strong></span> <span class='ocrx_word' id='word_1_152' title='bbox 270 3847 366 3938; x_wconf 71' lang='grc' dir='ltr'><strong>Ι1743</strong></span> <span class='ocrx_word' id='word_1_153' title='bbox 388 3848 472 3913; x_wconf 86' lang='lat' dir='ltr'><strong>inter</strong></span> <span class='ocrx_word' id='word_1_154' title='bbox 495 3847 664 3914; x_wconf 81' lang='lat' dir='ltr'><strong>Franciam</strong></span> <span class='ocrx_word' id='word_1_155' title='bbox 683 3863 715 3912; x_wconf 86' lang='lat' dir='ltr'><strong>et</strong></span> <span class='ocrx_word' id='word_1_156' title='bbox 735 3845 922 3938; x_wconf 84' lang='lat' dir='ltr'><strong>Hispaniam</strong></span> <span class='ocrx_word' id='word_1_157' title='bbox 936 3841 1194 3911; x_wconf 82' lang='lat' dir='ltr'><strong>Fontis-Bleaudi</strong></span> 
     </span>
     <span class='ocr_line' id='line_1_24' title="bbox 226 3989 1195 4087; baseline 0.002 -31"><span class='ocrx_word' id='word_1_158' title='bbox 226 3989 511 4086; x_wconf 70' lang='lat' dir='ltr'><strong>(Fmtasaetteau)</strong></span> <span class='ocrx_word' id='word_1_159' title='bbox 532 3996 749 4087; x_wconf 88' lang='lat' dir='ltr'><strong>compositum</strong></span> <span class='ocrx_word' id='word_1_160' title='bbox 764 4011 822 4061; x_wconf 89' lang='lat' dir='ltr'><strong>est.</strong></span> <span class='ocrx_word' id='word_1_161' title='bbox 867 3993 1061 4060; x_wconf 84' lang='lat' dir='ltr'><strong>inscribitur</strong></span> <span class='ocrx_word' id='word_1_162' title='bbox 1079 3989 1195 4058; x_wconf 72' lang='lat' dir='ltr'><strong>Traite</strong></span> 
     </span>
    </p>
   </div>
   <div class='ocr_carea' id='block_1_8' title="bbox 183 4137 1193 4235">
    <p class='ocr_par' dir='ltr' id='par_1_10' title="bbox 183 4137 1193 4235">
     <span class='ocr_line' id='line_1_25' title="bbox 183 4137 1193 4235; baseline 0.003 -31"><span class='ocrx_word' id='word_1_163' title='bbox 183 4219 186 4234; x_wconf 36' lang='grc' dir='ltr'>Ι</span> <span class='ocrx_word' id='word_1_164' title='bbox 224 4137 364 4208; x_wconf 73' lang='lat' dir='ltr'><strong>a&#39;union</strong></span> <span class='ocrx_word' id='word_1_165' title='bbox 386 4151 420 4210; x_wconf 80' lang='lat' dir='ltr'><strong>et</strong></span> <span class='ocrx_word' id='word_1_166' title='bbox 440 4142 624 4212; x_wconf 82' lang='lat' dir='ltr'><strong>d’allicnce</strong></span> <span class='ocrx_word' id='word_1_167' title='bbox 640 4144 867 4235; x_wconf 71' lang='lat' dir='ltr'><strong>perpetuelle,</strong></span> <span class='ocrx_word' id='word_1_168' title='bbox 891 4159 924 4210; x_wconf 86' lang='lat' dir='ltr'><strong>et</strong></span> <span class='ocrx_word' id='word_1_169' title='bbox 945 4141 981 4207; x_wconf 87' lang='lat' dir='ltr'><strong>in</strong></span> <span class='ocrx_word' id='word_1_170' title='bbox 1000 4139 1193 4210; x_wconf 83' lang='lat' dir='ltr'><strong>exordiodi-</strong></span> 
     </span>
    </p>
   </div>
   <div class='ocr_carea' id='block_1_9' title="bbox 0 0 1501 4966">
    <p class='ocr_par' dir='ltr' id='par_1_11' title="bbox 0 0 1501 4966">
     <span class='ocr_line' id='line_1_26' title="bbox 0 0 1501 4966; baseline 0 0"><span class='ocrx_word' id='word_1_171' title='bbox 0 0 1501 4966; x_wconf 95' lang='lat' dir='ltr'><strong> </strong></span> 
     </span>
    </p>
   </div>
  </div>
 </body>
</html>
