2990 4966
681 511 721 576 99

210 704 332 774 betam
364 667 548 798 produeere
587 728 656 776 erat
693 711 848 796 facultas,
884 737 961 780 eum
996 717 1036 780 ab
1069 714 1183 802 buglis

208 855 458 949 Ordinibusque
484 856 572 924 bello
600 855 740 926 'defessis
771 858 920 927 subsidia¹
948 884 1016 928 non
1046 862 1183 954 amplius

201 1027 338 1096 ,sperare
360 1023 478 1096 posset.
521 1005 596 1074 Non
621 1024 729 1075 umen
750 1009 839 1076 misit
857 1008 1033 1077 eonsilium
1055 1010 1183 1082 silesiae

157 1120 161 1136 Ι
209 1151 422 1243 repetendae,
445 1178 506 1222 nee
527 1153 633 1222 multo
657 1173 734 1246 post
757 1154 882 1224 bellum
905 1154 988 1224 illud
1010 1159 1184 1228 concitavit

209 1319 389 1393 septenne,
421 1302 515 1396 quod
545 1302 605 1371 soli
638 1303 782 1397 denique
816 1323 1002 1374 assumto
1038 1307 1183 1398 profuit,

212 1449 377 1518 vindicata
397 1449 545 1522 devictae
563 1451 694 1521 Silesiae
715 1453 925 1545 possessione.

256 1598 413 1684 Francia,
437 1617 569 1686 argento
589 1600 761 1686 exhausta,
785 1598 939 1668 elassibus
957 1599 1113 1692 perditis,
1137 1626 1187 1670 eo·

212 1748 307 1816 loniis
330 1749 371 1816 ab
393 1747 504 1836 anglis
526 1751 650 1841 eaptis,
672 1749 781 1816 subita
802 1750 965 1816 invasione
986 1749 1022 1814 in
1045 1750 1183 1840 Remp.‚

213 1915 252 1966 ut
272 1898 359 1964 bane
380 1921 399 1963 a
417 1895 659 1964 foederatorum
681 1919 776 1964 eausa
801 1913 980 1989 separaret,
1003 1895 1185 1989 plurimum

213 2039 383 2130 vdoisset,
405 2045 469 2110 nisi
495 2046 591 2112 armis
620 2043 762 2112 Russiois
790 2042 919 2112 abello
945 2045 1108 2112 abstinere
1137 2069 1188 2114 eo·

212 2209 285 2260 aeta
311 2191 433 2260 fuisset.
480 2193 533 2259 dd
560 2193 686 2283 priores
716 2191 799 2258 fines
824 2215 1028 2284 quamquam
1050 2190 1187 2262 reducta

212 2357 279 2426 est,
301 2337 386 2407 illud
412 2363 484 2407 eam
511 2363 579 2408 nou
606 2341 742 2408 situram
763 2340 862 2408 fuisse
891 2339 1093 2408 verosimile
1116 2360 1184 2425 est,

212 2488 277 2556 uisi
294 2487 434 2555 insulam
456 2487 675 2580 Cap-Breton
695 2507 926 2582 recuperasset.

256 2633 401 2719 Bellum,
421 2634 509 2702 inter
530 2633 680 2721 Angiiam
697 2653 732 2704 et
747 2637 937 2728 Hispaniam
946 2654 1094 2724 gestam,
1109 2661 1187 2706 outn

213 2780 301 2850 bello
330 2781 372 2850 de
392 2783 597 2851 sueoeasione
630 2783 799 2852 Austrinos
828 2784 873 2852 ita
898 2783 1076 2852 oonsusum
1101 2783 1185 2869 fuit,

212 2931 381 3023 hujusque
408 2948 572 2998 momento
599 2890 684 2998 iliud
717 2931 762 2998 ita
788 2929 906 2998 cedere
930 2929 1061 3016 debuit,
1084 2949 1122 2998 ut
1144 2930 1186 3000 de

214 3077 271 3148 lite
294 3080 471 3162 maritima,
494 3102 512 3145 e
537 3055 603 3170 qua
624 3079 844 3171 provenisset,
867 3079 903 3145 in
926 3075 1102 3146 condendo
1126 3078 1190 3148 foe·

213 3226 292 3296 dere
316 3226 569 3318 Aquisgraneusi
589 3226 645 3295 vix
668 3224 856 3318 quidquem
874 3241 1079 3293 statueretur.
1124 3224 1188 3294 Sed

216 3373 334 3463 angit,
366 3375 427 3467 qui
456 3373 521 3441 sibi
547 3371 743 3444 videbantur
769 3370 936 3441 ulteriores
963 3396 1082 3466 easque
1115 3397 1190 3464 pro

211 3523 333 3594 habiles
352 3521 556 3593 eonditiones
577 3545 657 3591 eum
680 3519 751 3590 aula
773 3520 953 3590 idadritana
978 3521 1073 3592 facile
1093 3546 1187 3615 posse

217 3673 360 3764 paciaci,
394 3673 518 3759 egregie
551 3668 758 3738 fallebantur.
801 3670 875 3738 Non
904 3670 1003 3740 modo
1035 3671 1188 3764 Hispania

215 3818 328 3888 toedus
365 3820 586 3889 dasientinum
615 3836 793 3889 restaurare
822 3821 1014 3906 recusabat,
1051 3819 1108 3890 aad
1145 3822 1190 3890 ita

218 3991 353 4061 quoque
377 3969 418 4036 ab
439 3993 480 4037 eo
506 3969 719 4055 abhorrebat,
749 3987 788 4036 ut
815 3969 908 4061 quod
934 3979 1004 4038 orl⁰
1032 3971 1071 4038 16
1099 3971 1189 4063 pacis

217 4118 484 4212 tquisgmensis
505 4136 640 4209 paetum
668 4137 749 4188 esset
778 4119 914 4210 exsequi
941 4116 1052 4187 nollet.
1097 4117 1192 4188 Unde

590 4593 617 4630 ’τι
684 4593 724 4624 τι
741 4594 785 4620 ··=‹

590 4593 785 4702 [biubi-‘⁴:2⁴⁶
805 4624 860 4690 asi
