2990 4966
750 488 792 562 56

290 721 380 790 gato,
404 718 509 770 totum
535 700 604 766 lere
632 696 777 786 Belgium
805 697 1014 784 subegerunt
1060 693 1262 790 Respublica

291 849 419 918 Genum
444 849 525 936 Regi
552 846 716 917 Sardiniae
739 843 865 914 bellum
887 843 1084 928 declaravit,
1103 863 1139 914 et
1158 847 1263 934 major

289 1021 364 1090 pars
379 993 577 1064 Pedemontii
597 1013 630 1064 et
645 994 886 1082 Langobardiac
901 1019 978 1064 cum
991 995 1075 1064 urbe
1088 991 1263 1064 Mediolani

293 1161 476 1238 expugnata
496 1159 555 1212 est.

336 1293 423 1363 llaec
449 1293 568 1382 Regem
599 1291 765 1364 Sardiniae
795 1291 837 1361 ad
869 1291 1106 1386 paciscendum
1134 1290 1267 1362 inclina·

288 1461 380 1512 runt.
424 1443 492 1510 Rex
519 1441 690 1527 llrmciae,
715 1466 859 1534 quocum
882 1440 1046 1510 tractandi
1066 1439 1264 1510 desiderium

289 1591 520 1676 manifestavit,
548 1588 687 1675 legatum
715 1589 804 1656 misit
832 1589 1011 1675 Augustam
1032 1587 1264 1658 Taurinorum

290 1735 326 1804 d.
359 1740 402 1804 26
436 1761 481 1802 m.
504 1736 581 1804 llec.
606 1761 635 1802 a.
668 1738 749 1804 1745
774 1735 898 1827 praevii
923 1737 1013 1828 pacis
1036 1735 1167 1804 articuli
1188 1761 1265 1806 con·

288 1884 395 1952 stituti
424 1901 525 1968 sunt,
548 1883 670 1975 quibus
694 1883 761 1969 agri
783 1879 1044 1968 Mediolanensis,
1067 1881 1262 1952 Cremonen·

288 2033 331 2101 sis
358 2051 391 2102 et
423 2055 498 2126 pars
530 2031 696 2100 Mantuani
718 2032 804 2100 inter
828 2031 947 2120 Regem
966 2031 1153 2120 Sardiniae,
1173 2031 1265 2102 Pria·

289 2185 397 2276 cipem
420 2201 602 2252 rmlvrurr
621 2199 654 2251 et
675 2181 791 2274 Remp.
805 2182 934 2250 Genuae
955 2199 1062 2252 essent
1080 2181 1262 2252 dividendi.

288 2332 423 2400 Pactum
453 2329 650 2420 signandum
686 2347 776 2416 erat,
811 2327 909 2396 simul
935 2348 1035 2422 atque
1063 2329 1264 2400 conditiones

288 2483 436 2574 praeviae
467 2482 509 2546 ab
535 2478 607 2547 aula
636 2477 817 2546 Madritana
841 2479 1039 2570 approbatae
1065 2497 1188 2566 essent,
1219 2477 1262 2548 ad

274 2647 388 2720 'quam
425 2651 502 2694 cum
534 2625 662 2694 loedere
697 2627 772 2720 ipso
806 2625 924 2716 (tratre
957 2627 1127 2720 dfinlllf)
1156 2647 1262 2698 essent

277 2777 413 2843 missae.
468 2773 602 2842 Foederi
636 2774 717 2844 haec
746 2773 902 2864 adjuncta
931 2794 1000 2846 erat
1031 2775 1193 2864 conditio,
1225 2795 1265 2847 ut

275 2923 478 3020 ¹Principes,
502 2927 561 3018 qui
583 2925 795 3018 Imperatoria
815 2925 973 3016 dignitate
992 2927 1190 3018 gauderent,
1211 2927 1263 2998 vel

273 3075 437 3159 'Regnum
466 3073 618 3140 Franciae
651 3071 702 3142 vel
729 3073 902 3165 Hispaniae
925 3093 1148 3168 occuparent,
1171 3103 1265 3147 num·

286 3243 387 3312 quam
408 3243 642 3312 quemcunque
665 3219 773 3288 Italiae
795 3221 1023 3314 Principatum
1045 3223 1262 3316 possiderent.

287 3367 424 3436 Videtur
453 3367 525 3436 aula
554 3369 709 3439 Francica
737 3395 791 3439 eo·
807 3370 953 3442 meliores
982 3373 1062 3462 Regi
1095 3373 1263 3448 Sardiniae

287 3515 491 3588 conditiones
532 3520 744 3608 concessisse,
777 3520 869 3616 quod
897 3521 1097 3593 intellexerat
1123 3523 1265 3596 Ilresdae

283 3667 326 3736 de
343 3691 425 3763 pace
446 3670 589 3737 tractari.
633 3670 701 3739 Sed
723 3696 801 3741 cnm
821 3673 974 3777 llispania
996 3699 1126 3744 omnem
1148 3699 1263 3764 agrum

285 3816 555 3891 Mediolanensem
587 3817 733 3888 absolute
760 3841 914 3892 rmttrro
942 3823 1016 3892 dari
1044 3825 1158 3916 vellet,
1181 3831 1264 3918 reje-

284 3968 330 4034 clt
349 3967 499 4037 articulos
513 3968 658 4060 praevios
672 3969 778 4062 iisque
791 3971 945 4040 accedere
958 3977 1128 4046 recusavit.
1165 3977 1259 4047 Unde

265 4129 383 4190 ‘morae
410 4118 628 4210 pacificationi
651 4121 863 4212 interpositae
886 4143 983 4211 sunt,
1010 4127 1132 4218 quibus
1157 4129 1263 4222 Impe-
