2990 4966
739 526 813 629 ,ss

306 735 438 802 urbium
462 733 568 802 aliisve
596 731 748 822 publicis*
769 749 826 800 aut
862 732 994 824 privatis
1025 732 1181 824 operibus
1218 733 1279 802 im·

304 883 416 976 pensis
439 879 522 948 nihil
544 897 720 974 repetetur.
764 878 839 947 Art.
862 883 894 946 6.

350 1026 469 1098 Omnes
513 1029 673 1096 cessiones
707 1045 740 1094 et
771 1027 988 1094 restitutiones
1020 1027 1107 1094 intra
1139 1049 1194 1096 sex
1221 1025 1278 1095 he·

308 1176 485 1246 bdomades
506 1195 583 1270 post
604 1194 801 1267 permutatas
823 1173 1049 1242 ratificationes
1076 1192 1174 1242 erunt
1198 1173 1276 1244 saci·

305 1324 427 1395 endree
451 1349 490 1394 ac
510 1323 552 1392 de
575 1324 674 1393 modo
691 1323 771 1392 huic
793 1325 840 1392 rei
860 1324 1027 1416 aptissimo
1045 1321 1274 1392 constituendo

304 1469 418 1560 iegati,
440 1471 623 1541 Bruxellam
645 1491 678 1542 et
699 1471 827 1540 Niceam
847 1473 1015 1564 utrimque
1037 1469 1204 1557 mittendi,
1226 1471 1274 1538 in·

304 1639 353 1689 tta
369 1622 437 1690 dies
458 1621 705 1715 quatuordeeim
721 1639 798 1713 post
817 1619 930 1689 foedus
949 1621 1110 1708 signatum
1130 1639 1271 1708 agerent.

301 1767 379 1838 Art.
400 1770 436 1836 8.

345 1912 432 1984 cum
453 1935 529 1980 vero
558 1913 638 1981 haec
661 1913 832 2006 dispositio
856 1931 1010 2006 respectu
1036 1913 1201 1984 Americae
1225 1914 1269 1983 lo·

300 2087 378 2133 cum
400 2062 521 2130 habere
542 2064 713 2156 nequiret,
737 2063 805 2130 Rex
829 2062 877 2132 Μ.
894 2063 1077 2132 Britanniae
1095 2087 1129 2131 se
1150 2061 1271 2152 obligat

299 2212 341 2282 ad
367 2213 449 2283 duos
480 2211 598 2280 excelsi
630 2211 754 2293 ordinis
782 2212 867 2280 viros
898 2225 1053 2304 tanquam
1078 2210 1207 2279 obsides
1232 2212 1269 2278 in

298 2363 469 2431 Franciam
491 2363 687 2460 mittendos,
711 2361 772 2453 qui
793 2361 841 2427 ibi
862 2378 1048 2446 manerent,
1074 2360 1179 2429 donec
1199 2361 1269 2429 Rex

299 2512 454 2578 Franciac
482 2511 601 2578 certior
629 2509 734 2577 sactus
760 2525 842 2576 esset
869 2509 910 2575 de
936 2505 1118 2578 redditione
1143 2508 1270 2577 Imulae

299 2659 431 2745 Regiae,
460 2659 565 2726 dictae
598 2657 833 2749 Cap-Breton,
862 2655 1065 2750 aliorumque
1097 2655 1265 2746 locorum,

302 2831 386 2899 quae
406 2805 475 2873 Rex
497 2804 541 2872 Μ.
564 2805 748 2872 Britanniae
769 2821 843 2873 ante
865 2803 917 2874 tel
937 2824 1013 2898 post
1028 2806 1166 2892 signatos
1179 2829 1278 2899 prae·¹

300 2957 367 3024 vios
395 2953 548 3024 articulos
572 2955 607 3020 in
634 2953 736 3021 lndiis
761 2953 917 3022 Orientali
941 2971 974 3021 et
996 2953 1196 3024 occidentali
1219 2977 1269 3024 ce-

300 3110 409 3200 pisset.
454 3109 557 3175 Porro
577 3130 687 3173 omnes
708 3106 755 3172 ibi
772 3129 822 3174 res
841 3123 963 3174 statum
977 3130 1046 3200 qno
1059 3125 1134 3176 ante
1145 3104 1269 3175 bellum

298 3254 495 3344 reciperent.
540 3251 619 3318 Art.
641 3256 675 3321 9.

340 3400 442 3465 Artas
468 3401 505 3468 tl
537 3415 626 3468 cavet
651 3398 693 3466 de
719 3395 815 3484 actis,
842 3398 962 3468 chartis
990 3399 1127 3493 aliisque
1150 3402 1276 3472 instra·

298 3547 414 3614 mentis
438 3545 474 3611 in
502 3543 580 3614 locis
605 3547 708 3638 captis
731 3546 872 3615 inventis
893 3545 1077 3616 reddendis.

340 3694 430 3761 Artit
458 3695 496 3762 tt
519 3710 553 3760 et
582 3695 622 3760 tt
646 3711 878 3762 enumerantur
905 3719 989 3788 quae
1013 3695 1098 3766 Duri
1125 3695 1268 3767 Mutinae

298 3861 330 3912 et
350 3843 443 3936 Reip.
470 3842 598 3912 Gennae
623 3840 803 3910 tradentur.
939 3926 946 3934 ¹

340 3991 579 4062 Consentaneus
606 4009 654 4061 est
679 3993 848 4060 articulus
872 3992 892 4061 7
916 3991 1093 4062 conditioni
1116 3998 1263 4090 praeviae

294 4141 439 4228 ejusdem
461 4144 657 4227 argumenti:
688 4139 864 4228 dicuntur,
887 4145 1057 4234 perpensis
1076 4143 1113 4210 iis
1136 4169 1219 4236 quae
1241 4172 1258 4212 a
