2990 4966
700 543 731 632 3.

210 742 334 834 politici
348 744 565 812 conversionis
583 761 687 814 metus
707 747 889 832 euanuit,
915 749 1185 834 negotiationibus

214 911 398 982 animandis
420 935 541 981 munus
566 935 675 982 meum
697 917 888 984 versabitur.

254 1086 360 1154 Pauca
384 1085 435 1152 hia
464 1085 607 1172 adjicere
631 1083 724 1153 liceat
747 1084 791 1152 dc
812 1085 936 1170 origine
956 1084 1049 1172 belli,
1071 1085 1186 1154 eodem

216 1273 362 1348 tempore
380 1254 465 1322 inter
488 1251 606 1341 duglas
627 1265 661 1322 et
674 1255 834 1350 pranos
852 1257 950 1348 gesti,
974 1257 1087 1348 itaque
1110 1277 1187 1326 cum

212 1448 264 1511 eo,
288 1423 380 1518 quod
393 1424 486 1492 nobis
505 1422 787 1514 tractandarum,
802 1426 970 1496 committi
981 1476 991 1512 ,
1004 1444 1063 1514 ut,
1075 1451 1187 1519 quam·

217 1594 263 1661 vis
289 1615 308 1660 a
329 1591 501 1685 proposito
520 1609 633 1662 nostro
658 1591 801 1662 alienum
829 1593 892 1679 cit,
923 1592 1051 1668 silentio
1078 1613 1185 1664 minen

212 1765 427 1856 precemini
450 1781 610 1860 nequeat,
636 1787 725 1834 cnm·
740 1783 919 1860 utrumque
941 1767 1038 1835 etiam
1061 1764 1190 1836 bellum

212 1955 279 2006 nno
298 1934 484 2029 eodemque
510 1935 611 2006 modo
638 1938 681 2006 eit
709 1938 936 2029 compositum.

256 2107 500 2192 conventione,
530 2106 688 2174 Acciento
713 2105 823 2192 dicta,
857 2132 886 2174 a.
921 2109 1002 2176 1713
1031 2109 1116 2176 inter
1138 2106 1182 2174 bi.

210 2279 410 2348 Britanniam
443 2297 476 2348 et
506 2277 696 2370 Hispaniam
729 2277 828 2364 inita,
857 2277 1007 2346 Societati
1036 2275 1186 2362 duglicae

211 2449 303 2518 Maris
329 2447 546 2516 Meridionalis
573 2447 780 2542 privilegium
806 2470 997 2516 concessum
1020 2463 1088 2512 erat
1114 2468 1185 2510 ser-

208 2644 326 2690 vorum
352 2622 388 2686 in
425 2621 607 2688 Amerinam
641 2619 850 2712 Hispanicum
882 2617 1184 2708 importandorum,

210 2792 374 2884 uniusque
402 2791 438 2856 iu
465 2791 582 2856 urbem
602 2786 889 2858 Portum-Bellum
912 2811 1035 2852 annuae
1056 2786 1186 2850 mitten·

212 2962 270 3030 dae
289 2963 378 3031 navis
397 2962 559 3028 mercibus
583 2959 758 3051 Europaeis
776 2975 933 3024 oneratae.
980 2957 1096 3042 Quare
1111 2980 1188 3022 cum

213 3129 309 3216 Angli
343 3129 434 3198 abuti
469 3127 683 3215 viderentur,
723 3129 956 3222 prohibitoque
993 3129 1186 3195 commercia

211 3296 453 3385 (stuiktandel)
476 3299 512 3363 in
542 3297 680 3366 colonias
707 3300 910 3366 Americcnas
937 3296 1030 3366 valde
1056 3300 1183 3366 incres-

211 3485 342 3554 cerent,
366 3467 499 3561 Hispani
521 3469 600 3536 haec
619 3467 780 3561 impedire
800 3468 957 3536 severiore
980 3467 1063 3536 forte
1085 3468 1184 3538 modo

213 3637 319 3704 eonati
351 3654 450 3703 sunt:
483 3637 524 3702 ab
558 3636 668 3723 buglis
699 3655 784 3705 certe
812 3638 1009 3724 injuriarum
1037 3638 1185 3728 ipsorum

209 3808 345 3875 navibus
366 3808 401 3874 in
421 3805 493 3875 alto·
508 3809 589 3873 mari
609 3806 797 3894 allatarum,
820 3809 856 3874 in
876 3809 981 3900 iisqne
995 3804 1184 3891 indagandis

208 3978 394 4048 insolentiae
413 3977 502 4046 haud
523 3976 672 4045 ferendae
689 3980 933 4046 accusabantur.
980 3975 1184 4064 Accedebat,

213 4149 304 4242 quod
322 4151 392 4237 jam
414 4149 628 4218 dissensiones
653 4169 758 4218 essent
777 4149 819 4216 dc
837 4148 1023 4240 provinciae
1037 4147 1187 4234 Georgiae

1031 4300 1073 4344 1*
