2990 4966
682 507 724 576 89

217 716 352 784 Francia
370 732 403 784 et
421 714 576 806 Hispania
597 713 663 782 hoc
680 713 809 782 foedere
831 713 1062 803 redderentur,
1086 717 1192 788 linea.

220 881 272 930 tus
293 863 441 948 Parmae,
464 855 644 930 Placentiae
666 879 699 929 et
719 861 932 932 Guardnstalli
953 863 1074 930 cessuri
1097 864 1190 930 Prin-

217 1010 286 1102 cipi
310 1029 464 1080 rnutrro
490 1011 629 1101 ejusque
653 1010 790 1101 posteris
815 1008 980 1095 masculis,
1001 1007 1089 1077 salvo
1106 1009 1185 1096 jure

215 1159 403 1227 reversionis
439 1155 481 1224 ad
520 1157 667 1224 dominos
688 1173 890 1249 praesentes,
920 1155 1192 1248 Imperatricetn-,¹

214 1305 369 1393 Reginam
403 1323 437 1374 et
470 1306 587 1392 Regem
622 1304 811 1390 Sardiniae,
844 1309 877 1372 si
911 1303 987 1372 lien
1013 1307 1188 1396 utriusque

218 1453 359 1522 Siciliae
387 1458 424 1521 in
455 1455 605 1546 Regnum
636 1453 855 1546 Hispanicum
887 1453 1098 1537 succederet,
1130 1469 1188 1524 aut

216 1621 387 1672 rmtrrrus
416 1605 515 1671 orbus
544 1605 662 1672 obiret.
707 1603 784 1671 Arl-
808 1601 840 1671 7.
885 1602 926 1670 ln
952 1601 1082 1695 praevia
1109 1623 1188 1669 con·

214 1748 341 1818 ditione
369 1748 593 1818 constituenda
625 1749 719 1838 legati
753 1750 789 1816 in
820 1773 855 1816 ea
889 1750 1042 1842 opinione
1071 1750 1188 1818 versati

129 1955 132 1958 .
216 1897 315 1966 luisse
336 1897 503 1967 ridentur.
524 1915 583 1994 nt,
605 1898 633 1964 si
657 1916 820 1983 canotus,
842 1897 911 1966 Rex
935 1897 1114 1990 Utriusque
1141 1896 1190 1966 si·

216 2042 324 2130 ciliae,
343 2045 488 2136 patrium
507 2044 655 2130 Regnum
672 2045 844 2137 Hispaniae
868 2064 1066 2138 capesseret,
1088 2045 1188 2114 frater

216 2192 287 2278 ejus
308 2207 479 2258 rntttrt’us
493 2191 571 2278 jure
587 2191 775 2260 succederet
790 2193 825 2258 in
842 2191 1187 2284 Regnum'Utrinsque

216 2337 364 2424 Siciliae,
388 2363 456 2431 qno
478 2363 554 2406 casu
567 2299 710 2408 Ducatus
732 2341 864 2407 Parmae
888 2358 921 2408 et
947 2338 1126 2410 Placentiae
1143 2341 1186 2410 ad

215 2489 339 2581 priores
361 2486 509 2556 dominos
530 2490 692 2557 reversuri
711 2507 827 2558 essent.
855 2487 937 2559 'Sed
960 2513 1028 2558 non
1047 2489 1188 2557 animad-

214 2655 379 2707 verterant
412 2637 500 2706 tertii
529 2635 667 2706 foederis
702 2637 892 2704 Viennensis
920 2637 1185 2731 dispositionem,

216 2813 284 2882 qua
308 2789 456 2874 Regnum
479 2787 655 2882 Utriusque
683 2785 806 2856 Siciliae
826 2807 953 2856 ctuoto
976 2790 1112 2880 ejusque
1126 2813 1187 2882 po-

212 2941 317 3004 sterla
335 2937 494 3003 monetalis
516 2945 549 3002 ct
559 2936 722 3023 femineis
744 2932 1002 3021 concedebatur,
1025 2957 1186 3030 nequeex

213 3087 366 3178 priorum
392 3083 561 3152 foederum
588 3083 697 3152 mente
720 3084 798 3171 jure
829 3082 886 3152 hio
917 3082 1090 3152 destitutus
1115 3099 1186 3155 erat

213 3233 363 3319 Regnum
385 3229 515 3299 cuidam
538 3229 681 3298 filiorum
699 3227 933 3314 transferendi,
956 3232 984 3297 si
1004 3230 1088 3329 illud
1108 3257 1184 3300 cum

214 3381 394 3474 Hispanico
405 3379 601 3466 conjungere
614 3403 682 3445 non
697 3376 823 3447 licuisse
836 3401 1070 3470 supponamus.
1095 3377 1185 3458 Nihil

106 3573 108 3582 ι
214 3547 321 3598 tamen
349 3526 465 3596 soedns
491 3552 520 3594 a.
552 3526 637 3596 1738
670 3525 836 3610 continet,
868 3523 960 3618 quod
987 3524 1084 3594 talem
1112 3549 1186 3596 con·

212 3679 417 3766 junctionem
431 3674 616 3769 impediret.
648 3673 772 3760 Prima,
790 3697 874 3766 qnae
887 3672 998 3760 Regna
1013 3673 1186 3764 Hispaniae

210 3843 248 3894 et
271 3824 450 3917 Utriusque
470 3821 596 3892 Siciliae
614 3823 655 3889 ab
679 3845 747 3889 uno
764 3820 848 3908 Rege
871 3819 1030 3913 possideri
1047 3837 1182 3906 vetaret,

214 3973 400 4042 constitutio
423 3973 587 4041 invenitur
599 3972 637 4038 in
655 3980 724 4040 crl⁰
737 3973 758 4038 2
772 3968 911 4038 foederis
924 3967 1095 4037 Hadritani
1108 3968 1143 4036 d.
1161 3974 1181 4038 3

214 4149 258 4191 m.
288 4122 360 4191 Oct.
384 4149 413 4190 a.
446 4121 540 4192 1759.
585 4121 686 4205 Quem
714 4119 1016 4204 uhieognoveruna
1033 4139 1073 4185 'se
1100 4140 1184 4184 erro-
