2990 4966
776 541 817 602 48

312 745 446 812 demum
468 759 588 812 catott
609 739 689 827 vll,
713 740 775 834 qni
795 737 829 806 d.
855 741 899 809 20
924 762 967 805 m.
995 739 1068 806 Jan.
1093 737 1203 806 subito
1226 739 1288 806 vita

313 893 503 977 excesserit,
525 890 588 958 hos
609 887 759 958 articulos
781 910 849 954 essa
874 885 1036 955 consertos
1059 884 1151 954 facile
1170 885 1289 954 discer-

311 1042 431 1108 nimus.

359 1187 433 1254 Διί·
455 1183 573 1256 &Rex
601 1183 733 1270 Angliae
753 1200 786 1250 et
806 1181 876 1250 Rex
899 1181 1049 1250 Poloniae
1068 1181 1286 1276 promittunt,

313 1357 347 1401 se
374 1334 500 1402 efficere
520 1331 621 1420 velle,
645 1351 683 1400 ut
700 1350 776 1424 post
799 1332 928 1398 obitum
951 1331 1054 1424 ipsius
1083 1349 1219 1398 ausoart
1241 1328 1291 1396 lil

315 1483 400 1550 filius
422 1485 458 1549 in
481 1485 633 1568 Regnum
654 1479 801 1548 Poloniae
822 1479 1023 1548 succederet.

343 1631 556 1720 ¹imperatore
588 1646 697 1696 autem
723 1645 854 1694 mortuo
886 1627 1015 1694 U'nione
1042 1625 1292 1694 Francosurtina

194 1767 211 1792 ‘
311 1804 423 1872 reapse
450 1778 595 1865 sublata,
624 1802 674 1845 res
703 1777 801 1870 plane
830 1801 1001 1848 conversae
1030 1794 1118 1844 sunt.
1164 1753 1291 1844 Ciaott

316 1926 423 2012 filius,
447 1945 682 1994 camuros
704 1945 880 2012 sosarnus,
902 1944 941 1994 ut
963 1923 1078 1992 domus
1104 1925 1291 1992 austriacae

315 2073 422 2142 fautor
446 2090 533 2158 erat,
557 2075 751 2140 contrariam
763 2073 851 2164 patri
875 2073 960 2142 viam
986 2073 1166 2158 ingressas,
1189 2067 1224 2138 d.
1247 2071 1291 2138 22

317 2249 362 2292 m.
393 2223 475 2316 Apr.
503 2225 539 2289 in
565 2222 692 2317 oppido
718 2223 865 2292 Faucena
894 2223 1045 2314 (Fttasen)
1072 2244 1188 2314 pacem
1215 2243 1291 2290 cum

316 2373 440 2460 Regina
463 2369 621 2440 condidit.

359 2489 475 2586 Minu
499 2537 659 2586 raaansra
691 2515 886 2602 agnoscebat
914 2513 1096 2583 Electorem
1122 2531 1291 2581 mortuum

316 2685 473 2760 tanquam
490 2665 740 2756 Imperatorem,
763 2665 833 2752 ejus
857 2661 925 2730 filio
945 2663 1112 2732 bavariam
1129 2661 1288 2732 reddebat

316 2833 349 2883 et
370 2816 412 2882 ab
433 2817 523 2882 omni
547 2813 827 2906 compensatione,
850 2837 951 2904 quam
963 2829 1073 2904 petere
1086 2827 1214 2902 posset,
1239 2807 1292 2876 de·

317 2965 460 3030 sistebat.

361 3109 491 3177 Elector
516 3127 631 3176 contra
658 3107 843 3175 dimittebat
863 3129 958 3174 omne
979 3107 1034 3192 jus
1058 3106 1095 3169 in
1121 3102 1293 3171 successio·

317 3279 395 3322 nem
421 3255 622 3322 Austriaoam
645 3273 677 3321 et
699 3252 902 3340 fidejubebat
925 3252 1295 3336 SanctionemPragma-

194 3443 204 3462 x
318 3407 432 3492 ticam3
459 3409 652 3494 agnoscebat
674 3407 863 3495 suffragium
887 3405 1084 3474 Electorium
1109 3404 1214 3488 Regni
1236 3403 1295 3470 Bo-

319 3555 443 3622 herniae
468 3556 545 3642 jure
571 3583 589 3622 a
614 3577 722 3626 trama
745 3575 908 3626 rutntsta
935 3551 1106 3622 ferendum
1127 3575 1293 3643 suumque

320 3701 505 3800 spondebat
528 3701 564 3802 in
586 3704 736 3794 proxima
758 3703 914 3772 electione
934 3700 1121 3788 ingratiam
1135 3698 1180 3768 M.
1192 3697 1292 3766 Ducis

320 3854 468 3923 Etruriae
488 3849 714 3920 emittendum.

319 4060 321 4064 ,
366 4003 590 4073 Marcbionatu
613 4001 749 4086 Finarii,
773 4023 872 4094 quem
899 4019 1006 4068 satan
1029 4019 1188 4070 rutnans
1213 3999 1294 4084 Regi

324 4151 487 4226 Sardiniae
514 4153 645 4225 foedere·
669 4151 881 4228 vormatiensi
913 4149 1003 4220 nullo
1024 4152 1101 4239 jure
1130 4149 1293 4233 cessisset,
