2990 4966
514 487 695 590 '27

195 729 308 798 foedus
330 727 553 820 quadruplex,
570 745 603 795 et
616 728 807 796 Viennensis
820 755 848 797 a.
869 733 946 801 1731
963 751 997 801 at
1010 761 1039 802 a.
1059 739 1156 808 1738.

191 901 276 971 quae
296 876 354 944 bic
372 891 591 944 memorentur
611 894 644 944 et
665 876 900 948 confirmentur
915 899 1075 973 quatenus
1096 885 1160 954 foe·

193 1025 317 1096 deustos
339 1043 489 1118 spectent
510 1049 620 1119 neque
639 1027 678 1093 iis
699 1051 851 1120 praeseus
864 1048 1000 1124 pactum
1017 1030 1157 1124 deroget.

237 1177 308 1245 Rex
340 1173 506 1246 Sardiniae
531 1175 610 1263 jura
641 1177 677 1243 in
708 1175 926 1247 Mediolanum
959 1178 1093 1253 dimittit
1128 1203 1161 1254 ct
1237 1203 1238 1206 ’

195 1327 400 1396 Sanctionem
420 1324 651 1412 Pragmaticam
674 1323 844 1412 fidejubet.
887 1326 964 1394 Art.
987 1333 1019 1398 3.

238 1474 358 1560 Regina
386 1473 583 1558 exercitum,
617 1496 717 1564 quem
745 1474 881 1543 'sustinet
907 1477 942 1543 in
973 1476 1083 1564 ltalia,
1118 1479 1159 1546 ad

195 1628 305 1695 30000
332 1620 472 1690 militum
492 1618 677 1714 supplebit,
704 1621 801 1688 simul
822 1648 860 1692 aa
881 1648 933 1692 res
955 1625 1159 1696 Germanicae

195 1771 278 1840 illud
298 1773 424 1841 sinente
470 1771 539 1838 Rex
558 1768 722 1840 Sardiniae
740 1772 910 1841 sustinebit
926 1789 960 1841 et
975 1773 1018 1842 ad
1035 1773 1159 1843 Mllum

196 1920 366 1988 adhibebit
388 1923 497 1989 15000
516 1917 668 1986 militum.
712 1919 789 1986 Art.
812 1925 844 1990 5.

240 2071 309 2137 Rex
335 2066 467 2154 Angliae
492 2068 529 2132 in
552 2065 642 2133 'ldari
675 2065 906 2135 Mediterranea
929 2093 1024 2158 naves
1051 2071 1160 2162 longas

194 2220 269 2286 satis
295 2241 410 2306 magno
430 2239 569 2284 numero
591 2213 771 2284 collocabit.
816 2218 894 2285 Art.
920 2220 951 2286 7.

238 2367 283 2435 lll.
301 2368 466 2436 Britannia
483 2365 667 2452 Sardiniae,
691 2366 849 2460 quamdiu
866 2367 989 2436 bellum
1011 2369 1159 2458 durabit,

196 2515 295 2585 solvet
314 2515 456 2582 subsidia
479 2539 587 2582 annua
610 2513 700 2605 (inde
719 2542 747 2584 a.
769 2515 806 2586 d.
835 2521 850 2588 1
871 2543 916 2586 m.
936 2519 1032 2588 Febr.
1059 2521 1159 2614 1742)

196 2668 328 2736 200000
349 2663 380 2730 R
398 2661 492 2732 Sterl.
536 2663 618 2730 Art.
643 2667 675 2732 8.

240 2811 355 2881 liram
372 2831 534 2880 rurarsra
556 2809 643 2880 cedit
665 2829 792 2880 casoro
813 2814 1162 2900 mturtrltegionem

197 2963 367 3051 Vigevani,
394 2923 519 3052 partem
539 2961 723 3028 Ducatuum
744 2960 858 3052 Papiae
880 2978 913 3028 et
934 2959 1110 3050 Placentiae
1129 2984 1162 3034 et

196 3112 344 3198 Regionis
353 3110 1164 3203 Anglerae(Angkicra),etmarchionatumFinarii

196 3259 337 3351 (reat).
381 3259 472 3326 Aru.
491 3265 512 3328 9
537 3276 569 3326 et
594 3263 644 3328 10.
688 3259 751 3327 Hic
771 3277 881 3328 antem
900 3259 1159 3349 lllarchionatus,

193 3434 296 3502 ,quem
322 3407 535 3476 craesus-vl
556 3432 585 3474 a.
612 3407 694 3476 1713
715 3407 937 3475 Cannensibus
955 3408 1160 3497 vendiderat,

197 3561 361 3652 cujusque
392 3557 548 3650 possessio
577 3555 704 3624 foedere
730 3553 927 3623 Londinensi
951 3557 1162 3651 quadruplici

196 3709 376 3800 ceterisque
401 3705 585 3774 foederibus
614 3705 794 3772 subsecutis
823 3704 1033 3797 Reipublicae
1058 3708 1161 3776 fuerat

200 3855 370 3944 fidejussa,
395 3853 486 3922 nullo
499 3855 577 3942 jure
596 3880 615 3920 a
631 3873 737 3922 murs
750 3873 910 3922 rursrsu
924 3853 997 3923 cedi
1012 3874 1159 3947 poterat,

198 4030 298 4099 quem
315 4029 357 4071 ne
372 4005 407 4070 in
419 4021 575 4096 potestate
591 4002 727 4096 quidem
741 4004 892 4071 baberet:
911 4002 968 4069 sed
981 4003 1072 4088 Regis
1086 4028 1161 4072 con·

196 4153 271 4220 siliis
291 4171 404 4246 prestus
425 4153 543 4220 Pinarii
563 4151 737 4220 admodum
761 4169 945 4243 opportune
960 4152 1041 4219 situs
1060 4171 1138 4222 erat.
