2990 4966
816 495 859 560 26

351 717 421 768 nuta
441 697 629 795 proximum
648 717 723 764 suae
746 695 864 764 ditioni
890 696 1036 766 vicinum
1060 701 1320 786 nancisceretur,

233 853 235 858 ’
349 844 597 932 cuminaria,
625 844 856 914 interveniente
882 845 926 912 Μ.
952 845 1137 933 Britannia,
1160 846 1195 916 d.
1224 850 1240 920 l
1270 873 1316 918 rn.

348 995 444 1066 Febr.
474 1021 505 1064 a.
540 996 624 1065 1742
657 992 818 1080 Augustae
844 993 1058 1063 Taurinorum
1090 994 1204 1066 foedus
1237 997 1317 1084 icit,

347 1167 417 1238 quo
438 1143 525 1212 inter
543 1142 742 1221 Paciscentcs
760 1144 927 1230 mevenit,
949 1160 987 1211 ut
1005 1144 1115 1236 copiae
1131 1145 1317 1214 Austriacae

347 1289 483 1360 alatere
503 1289 646 1362 Mutinae
662 1289 845 1382 Hispanicis
857 1293 1081 1380 «resisterent,
1104 1311 1137 1362 ct
1159 1293 1228 1368 Rex
1250 1293 1321 1362 sar-

345 1439 452 1510 diniae
480 1439 621 1508 Bucatua
645 1437 834 1526 Mediolani,
856 1439 986 1508 Parmae
1012 1457 1046 1508 et
1071 1439 1251 1510 Placentiae
1274 1441 1316 1508 ab

346 1588 384 1654 iis
411 1604 555 1655 tueretur
561 1614 574 1672 3
603 1587 727 1672 integra
754 1585 832 1671 Regi
854 1603 1021 1654 manerent
1039 1588 1119 1674 jura
1142 1589 1178 1654 in
1202 1586 1321 1660 Medio·

344 1732 477 1820 lanum,
504 1731 651 1825 quamvis
681 1731 747 1800 hoe
772 1729 900 1800 foedere
930 1730 1070 1801 durante
1101 1731 1195 1802 nullo
1220 1735 1320 1805 modo

346 1879 498 1950 valerent.

389 2031 434 2100 At
450 2051 519 2098 non
537 2028 583 2096 ita
600 2027 721 2116 Begern
736 2025 907 2096 Sardiniae·
920 2028 1033 2096 foedus
1054 2029 1248 2098 Taurinense
1264 2028 1317 2098 de·

286 2175 290 2182 ’
346 2181 512 2266 vinxerat,
535 2178 619 2272 quin
642 2177 776 2248 Francia
802 2194 834 2248 et
859 2178 1014 2271 Hispania
1040 2203 1116 2246 eum
1141 2177 1319 2271 aliquando

344 2329 423 2400 inde
443 2327 599 2400 avocandi
618 2351 711 2420 spem
729 2327 885 2398 soverent.
929 2325 1025 2412 Quod
1040 2346 1078 2396 ut
1090 2346 1314 2420 praecaveret,
1368 2340 1370 2344 “

343 2479 389 2546 Μ.
412 2477 576 2550 Britannia
603 2475 751 2544 Austriae
773 2474 968 2568 persuadere
994 2478 1156 2562 tentabat,
1178 2493 1216 2544 ut
1240 2501 1318 2569 qua·
1343 2517 1345 2522 2

344 2626 420 2695 dam
438 2617 643 2695 concessione
655 2624 797 2711 socium,
816 2625 876 2716 qui
888 2623 991 2712 Regni
1003 2625 1054 2690 sui
1070 2625 1135 2694 situ
1149 2642 1315 2716 tantopere

342 2775 477 2863 valeret,
504 2776 568 2843 sihi
593 2774 714 2843 arctius
741 2773 943 2864 adjungeret.
990 2774 1104 2844 Mente
1135 2793 1314 2861 recursu,

342 2949 409 2994 non
431 2926 495 2992 nisi
515 2926 616 2994 inrita
637 2941 671 2992 et
690 2924 921 3011 Pragmatioam
944 2925 1151 2993 Sanctionem
1171 2947 1238 2991 non
1258 2921 1314 2992 tali

340 3073 440 3141 modo
461 3072 634 3159 fidejuberi
648 3071 823 3158 objiciens,
846 3072 888 3141 ad
909 3071 1022 3140 foedus
1043 3074 1198 3158 accessit,
1220 3069 1313 3165 qnod

340 3219 375 3288 d.
401 3224 443 3288 13
463 3245 508 3288 m.
535 3219 630 3311 Sept.
657 3245 687 3286 a.
714 3220 796 3290 1743
824 3220 1003 3288 vormatiae
1028 3223 1133 3289 ictum
1156 3238 1205 3286 est
1226 3221 1312 3288 inter

340 3371 464 3460 ipsam,
501 3367 546 3437 Μ.
577 3367 776 3436 Britanniam
809 3385 841 3436 et
877 3367 1069 3438 Sardiniam.
1121 3370 1313 3462 Praecipuae

338 3535 525 3611 sequuntur
552 3502 765 3584 conditiones.

383 3667 454 3736 Art*
473 3669 505 3734 2.
530 3689 641 3733 sensus
667 3683 755 3752 erat,
777 3665 954 3734 foederatos
977 3687 1011 3732 ae
1037 3664 1148 3736 denno
1168 3665 1309 3736 vicissim

337 3815 476 3905 obligare
505 3815 547 3884 ad
574 3813 785 3902 fidejubenda
810 3815 919 3882 omnia
945 3814 1054 3902 Regna
1082 3834 1116 3884 et
1145 3816 1309 3903 regiones,

337 3989 420 4059 quac
437 3987 528 4031 nnnc
545 3960 748 4055 possiderent
767 3961 818 4032 vel
829 3963 1003 4054 possidere
1023 3964 1179 4031 deterens
1198 3988 1310 4033 secun·

334 4112 416 4180 duan
443 4111 570 4180 foedera
595 4111 808 4197 Taurinense,
845 4109 1113 4200 Uitrajectinum,
1143 4111 1305 4200 Badense,
