<?xml version="1.0" encoding="UTF-8"?>
<!DOCTYPE html PUBLIC "-//W3C//DTD XHTML 1.0 Transitional//EN"
    "http://www.w3.org/TR/xhtml1/DTD/xhtml1-transitional.dtd">
<html xmlns="http://www.w3.org/1999/xhtml" xml:lang="en" lang="en">
 <head>
  <title>
</title>
<meta http-equiv="Content-Type" content="text/html;charset=utf-8" />
  <meta name='ocr-system' content='tesseract 3.04.00' />
  <meta name='ocr-capabilities' content='ocr_page ocr_carea ocr_par ocr_line ocrx_word'/>
</head>
<body>
  <div class='ocr_page' id='page_1' title='image "./dissertatiopoli00volcgoog_0088.png"; bbox 0 0 2990 4966; ppageno 0'>
   <div class='ocr_carea' id='block_1_1' title="bbox 764 511 805 576">
    <p class='ocr_par' dir='ltr' id='par_1_1' title="bbox 764 511 805 576">
     <span class='ocr_line' id='line_1_1' title="bbox 764 511 805 576; baseline -0.049 0"><span class='ocrx_word' id='word_1_1' title='bbox 764 511 805 576; x_wconf 83' lang='lat'>76</span> 
     </span>
    </p>
   </div>
   <div class='ocr_carea' id='block_1_2' title="bbox 245 714 1283 3928">
    <p class='ocr_par' dir='ltr' id='par_1_2' title="bbox 296 714 1283 1840">
     <span class='ocr_line' id='line_1_2' title="bbox 297 714 1279 808; baseline 0.002 -26"><span class='ocrx_word' id='word_1_2' title='bbox 297 716 433 800; x_wconf 83' lang='lat' dir='ltr'>russiae,</span> <span class='ocrx_word' id='word_1_3' title='bbox 464 737 605 808; x_wconf 80' lang='lat' dir='ltr'>querum</span> <span class='ocrx_word' id='word_1_4' title='bbox 635 714 878 804; x_wconf 86' lang='lat' dir='ltr'>fidejussionem</span> <span class='ocrx_word' id='word_1_5' title='bbox 908 719 1130 808; x_wconf 75' lang='lat' dir='ltr'>proposuisset</span> <span class='ocrx_word' id='word_1_6' title='bbox 1149 717 1279 804; x_wconf 76' lang='lat' dir='ltr'>legatus·</span> 
     </span>
     <span class='ocr_line' id='line_1_3' title="bbox 300 863 1270 956; baseline -0.001 -23"><span class='ocrx_word' id='word_1_7' title='bbox 300 863 474 952; x_wconf 75' lang='lat' dir='ltr'>Anglicus,</span> <span class='ocrx_word' id='word_1_8' title='bbox 504 863 561 932; x_wconf 86' lang='lat' dir='ltr'>sed</span> <span class='ocrx_word' id='word_1_9' title='bbox 583 887 652 932; x_wconf 93' lang='lat' dir='ltr'>non</span> <span class='ocrx_word' id='word_1_10' title='bbox 675 865 925 956; x_wconf 78' lang='lat' dir='ltr'><strong>comprobarent</strong></span> <span class='ocrx_word' id='word_1_11' title='bbox 951 863 1111 951; x_wconf 80' lang='lat' dir='ltr'>Ordines,</span> <span class='ocrx_word' id='word_1_12' title='bbox 1133 866 1197 932; x_wconf 88' lang='lat' dir='ltr'>nisi</span> <span class='ocrx_word' id='word_1_13' title='bbox 1215 864 1270 932; x_wconf 88' lang='lat' dir='ltr'>ille</span> 
     </span>
     <span class='ocr_line' id='line_1_4' title="bbox 296 1013 1283 1106; baseline -0.002 -22"><span class='ocrx_word' id='word_1_14' title='bbox 296 1014 440 1085; x_wconf 83' lang='lat' dir='ltr'>vicissim</span> <span class='ocrx_word' id='word_1_15' title='bbox 460 1014 502 1082; x_wconf 79' lang='lat' dir='ltr'>nd</span> <span class='ocrx_word' id='word_1_16' title='bbox 525 1015 674 1106; x_wconf 87' lang='lat' dir='ltr'>ipsorum</span> <span class='ocrx_word' id='word_1_17' title='bbox 699 1015 913 1106; x_wconf 86' lang='lat' dir='ltr'>possessiones</span> <span class='ocrx_word' id='word_1_18' title='bbox 937 1013 1163 1103; x_wconf 82' lang='lat' dir='ltr'>fidejubendas</span> <span class='ocrx_word' id='word_1_19' title='bbox 1187 1014 1283 1084; x_wconf 51' lang='lat' dir='ltr'>obli-1</span> 
     </span>
     <span class='ocr_line' id='line_1_5' title="bbox 299 1161 1269 1256; baseline 0.002 -26"><span class='ocrx_word' id='word_1_20' title='bbox 299 1180 445 1250; x_wconf 81' lang='lat' dir='ltr'>gsretur3</span> <span class='ocrx_word' id='word_1_21' title='bbox 478 1186 554 1230; x_wconf 88' lang='lat' dir='ltr'>cum</span> <span class='ocrx_word' id='word_1_22' title='bbox 581 1162 685 1249; x_wconf 77' lang='lat' dir='ltr'>legato</span> <span class='ocrx_word' id='word_1_23' title='bbox 715 1163 812 1230; x_wconf 87' lang='lat' dir='ltr'>etism</span> <span class='ocrx_word' id='word_1_24' title='bbox 836 1161 996 1230; x_wconf 89' lang='lat' dir='ltr'>Genuensi</span> <span class='ocrx_word' id='word_1_25' title='bbox 1016 1162 1177 1256; x_wconf 79' lang='lat' dir='ltr'>quaedam</span> <span class='ocrx_word' id='word_1_26' title='bbox 1198 1170 1269 1232; x_wconf 77' lang='lat' dir='ltr'>orti</span> 
     </span>
     <span class='ocr_line' id='line_1_6' title="bbox 297 1263 1269 1402; baseline 0.001 -24"><span class='ocrx_word' id='word_1_27' title='bbox 297 1327 346 1378; x_wconf 88' lang='lat' dir='ltr'>cst</span> <span class='ocrx_word' id='word_1_28' title='bbox 376 1307 531 1377; x_wconf 74' lang='lat' dir='ltr'>dissensio</span> <span class='ocrx_word' id='word_1_29' title='bbox 561 1307 603 1376; x_wconf 93' lang='lat' dir='ltr'>de</span> <span class='ocrx_word' id='word_1_30' title='bbox 637 1263 765 1378; x_wconf 70' lang='lat' dir='ltr'>honore</span> <span class='ocrx_word' id='word_1_31' title='bbox 785 1307 835 1376; x_wconf 81' lang='lat' dir='ltr'>illi</span> <span class='ocrx_word' id='word_1_32' title='bbox 862 1335 880 1376; x_wconf 76' lang='lat' dir='ltr'><strong>a</strong></span> <span class='ocrx_word' id='word_1_33' title='bbox 907 1310 1021 1378; x_wconf 88' lang='lat' dir='ltr'>ceteris</span> <span class='ocrx_word' id='word_1_34' title='bbox 1048 1307 1154 1396; x_wconf 83' lang='lat' dir='ltr'>legatis</span> <span class='ocrx_word' id='word_1_35' title='bbox 1177 1335 1269 1402; x_wconf 82' lang='lat' dir='ltr'>prae·</span> 
     </span>
     <span class='ocr_line' id='line_1_7' title="bbox 299 1454 1265 1549; baseline 0.002 -25"><span class='ocrx_word' id='word_1_36' title='bbox 299 1454 431 1542; x_wconf 89' lang='lat' dir='ltr'>stsndo,</span> <span class='ocrx_word' id='word_1_37' title='bbox 464 1481 565 1548; x_wconf 89' lang='lat' dir='ltr'>quem</span> <span class='ocrx_word' id='word_1_38' title='bbox 595 1480 708 1549; x_wconf 79' lang='lat' dir='ltr'>parem</span> <span class='ocrx_word' id='word_1_39' title='bbox 730 1454 792 1524; x_wconf 84' lang='lat' dir='ltr'>illis</span> <span class='ocrx_word' id='word_1_40' title='bbox 819 1458 883 1524; x_wconf 91' lang='lat' dir='ltr'>sibi</span> <span class='ocrx_word' id='word_1_41' title='bbox 911 1454 1023 1524; x_wconf 89' lang='lat' dir='ltr'>deberi</span> <span class='ocrx_word' id='word_1_42' title='bbox 1045 1457 1247 1526; x_wconf 77' lang='lat' dir='ltr'>existimabat</span> <span class='ocrx_word' id='word_1_43' title='bbox 1254 1487 1265 1545; x_wconf 85' lang='lat'>3</span> 
     </span>
     <span class='ocr_line' id='line_1_8' title="bbox 299 1567 1270 1697; baseline 0.004 -27"><span class='ocrx_word' id='word_1_44' title='bbox 299 1601 444 1696; x_wconf 87' lang='lat' dir='ltr'>denique</span> <span class='ocrx_word' id='word_1_45' title='bbox 475 1605 582 1696; x_wconf 81' lang='lat' dir='ltr'>palam</span> <span class='ocrx_word' id='word_1_46' title='bbox 613 1606 738 1673; x_wconf 82' lang='lat' dir='ltr'>factum</span> <span class='ocrx_word' id='word_1_47' title='bbox 768 1567 836 1692; x_wconf 81' lang='lat' dir='ltr'>est,</span> <span class='ocrx_word' id='word_1_48' title='bbox 868 1606 1113 1697; x_wconf 83' lang='lat' dir='ltr'>Imperrtricem</span> <span class='ocrx_word' id='word_1_49' title='bbox 1136 1603 1270 1676; x_wconf 80' lang='lat' dir='ltr'>Russiee</span> 
     </span>
     <span class='ocr_line' id='line_1_9' title="bbox 299 1749 1069 1840; baseline 0.008 -23"><span class='ocrx_word' id='word_1_50' title='bbox 299 1749 527 1820; x_wconf 79' lang='lat' dir='ltr'>administrum</span> <span class='ocrx_word' id='word_1_51' title='bbox 545 1754 582 1819; x_wconf 92' lang='lat' dir='ltr'>in</span> <span class='ocrx_word' id='word_1_52' title='bbox 606 1777 813 1840; x_wconf 80' lang='lat' dir='ltr'>congressum</span> <span class='ocrx_word' id='word_1_53' title='bbox 832 1755 958 1822; x_wconf 88' lang='lat' dir='ltr'>mittere</span> <span class='ocrx_word' id='word_1_54' title='bbox 978 1753 1069 1824; x_wconf 86' lang='lat' dir='ltr'>veile.</span> 
     </span>
    </p>

    <p class='ocr_par' dir='ltr' id='par_1_3' title="bbox 299 1899 1270 2588">
     <span class='ocr_line' id='line_1_10' title="bbox 344 1899 1270 1994; baseline 0.006 -28"><span class='ocrx_word' id='word_1_55' title='bbox 344 1899 403 1966; x_wconf 84' lang='lat' dir='ltr'>Die</span> <span class='ocrx_word' id='word_1_56' title='bbox 438 1903 483 1970; x_wconf 73' lang='lat'>24</span> <span class='ocrx_word' id='word_1_57' title='bbox 512 1925 557 1968; x_wconf 91' lang='lat' dir='ltr'>m.</span> <span class='ocrx_word' id='word_1_58' title='bbox 580 1901 662 1993; x_wconf 77' lang='lat' dir='ltr'>Apu.</span> <span class='ocrx_word' id='word_1_59' title='bbox 683 1902 791 1994; x_wconf 83' lang='lat' dir='ltr'>prima</span> <span class='ocrx_word' id='word_1_60' title='bbox 818 1901 995 1988; x_wconf 77' lang='lat' dir='ltr'>legatorum</span> <span class='ocrx_word' id='word_1_61' title='bbox 1023 1905 1139 1971; x_wconf 93' lang='lat' dir='ltr'>concio</span> <span class='ocrx_word' id='word_1_62' title='bbox 1159 1901 1270 1972; x_wconf 76' lang='lat' dir='ltr'>habito</span> 
     </span>
     <span class='ocr_line' id='line_1_11' title="bbox 299 2047 1270 2142; baseline 0.002 -26"><span class='ocrx_word' id='word_1_63' title='bbox 299 2066 369 2118; x_wconf 86' lang='lat' dir='ltr'>est:</span> <span class='ocrx_word' id='word_1_64' title='bbox 409 2049 446 2115; x_wconf 86' lang='lat' dir='ltr'>in</span> <span class='ocrx_word' id='word_1_65' title='bbox 482 2073 548 2142; x_wconf 80' lang='lat' dir='ltr'>qua</span> <span class='ocrx_word' id='word_1_66' title='bbox 578 2047 698 2136; x_wconf 79' lang='lat' dir='ltr'>legatus</span> <span class='ocrx_word' id='word_1_67' title='bbox 732 2049 906 2116; x_wconf 78' lang='lat' dir='ltr'>Francicus</span> <span class='ocrx_word' id='word_1_68' title='bbox 930 2048 1176 2118; x_wconf 77' lang='lat' dir='ltr'>declarationem</span> <span class='ocrx_word' id='word_1_69' title='bbox 1204 2049 1270 2118; x_wconf 88' lang='lat' dir='ltr'>edi·</span> 
     </span>
     <span class='ocr_line' id='line_1_12' title="bbox 300 2198 1269 2300; baseline -0.001 -33"><span class='ocrx_word' id='word_1_70' title='bbox 300 2199 368 2284; x_wconf 87' lang='lat' dir='ltr'>dit,</span> <span class='ocrx_word' id='word_1_71' title='bbox 401 2200 523 2286; x_wconf 84' lang='lat' dir='ltr'>Regem</span> <span class='ocrx_word' id='word_1_72' title='bbox 555 2203 774 2300; x_wconf 66' lang='lat' dir='ltr'>snumJtcrra</span> <span class='ocrx_word' id='word_1_73' title='bbox 797 2198 943 2290; x_wconf 83' lang='lat' dir='ltr'>quamvis</span> <span class='ocrx_word' id='word_1_74' title='bbox 965 2198 1139 2285; x_wconf 85' lang='lat' dir='ltr'>victorem,</span> <span class='ocrx_word' id='word_1_75' title='bbox 1162 2199 1269 2266; x_wconf 83' lang='lat' dir='ltr'>omnis</span> 
     </span>
     <span class='ocr_line' id='line_1_13' title="bbox 299 2345 1269 2440; baseline -0.004 -22"><span class='ocrx_word' id='word_1_76' title='bbox 299 2347 381 2418; x_wconf 73' lang='lat' dir='ltr'>velle·</span> <span class='ocrx_word' id='word_1_77' title='bbox 402 2349 572 2416; x_wconf 80' lang='lat' dir='ltr'>restituere</span> <span class='ocrx_word' id='word_1_78' title='bbox 595 2371 679 2440; x_wconf 80' lang='lat' dir='ltr'>queo</span> <span class='ocrx_word' id='word_1_79' title='bbox 699 2345 886 2416; x_wconf 78' lang='lat' dir='ltr'>debellasset</span> <span class='ocrx_word' id='word_1_80' title='bbox 907 2370 1016 2438; x_wconf 86' lang='lat' dir='ltr'>neque</span> <span class='ocrx_word' id='word_1_81' title='bbox 1029 2345 1171 2440; x_wconf 81' lang='lat' dir='ltr'>aliquam</span> <span class='ocrx_word' id='word_1_82' title='bbox 1184 2370 1269 2415; x_wconf 89' lang='lat' dir='ltr'>com·</span> 
     </span>
     <span class='ocr_line' id='line_1_14' title="bbox 301 2497 668 2588; baseline -0.005 -24"><span class='ocrx_word' id='word_1_83' title='bbox 301 2497 525 2588; x_wconf 85' lang='lat' dir='ltr'>pensationem</span> <span class='ocrx_word' id='word_1_84' title='bbox 546 2513 668 2587; x_wconf 84' lang='lat' dir='ltr'>petere.</span> 
     </span>
    </p>

    <p class='ocr_par' dir='ltr' id='par_1_4' title="bbox 245 2635 1279 3928">
     <span class='ocr_line' id='line_1_15' title="bbox 344 2635 1277 2736; baseline -0.003 -23"><span class='ocrx_word' id='word_1_85' title='bbox 344 2645 431 2714; x_wconf 89' lang='lat' dir='ltr'>Urbs</span> <span class='ocrx_word' id='word_1_86' title='bbox 465 2645 603 2732; x_wconf 80' lang='lat' dir='ltr'>Trsjecti</span> <span class='ocrx_word' id='word_1_87' title='bbox 627 2643 667 2712; x_wconf 92' lang='lat' dir='ltr'>ad</span> <span class='ocrx_word' id='word_1_88' title='bbox 698 2642 819 2711; x_wconf 79' lang='lat' dir='ltr'>Mosam</span> <span class='ocrx_word' id='word_1_89' title='bbox 837 2643 902 2711; x_wconf 89' lang='lat' dir='ltr'>hoo</span> <span class='ocrx_word' id='word_1_90' title='bbox 925 2661 1072 2736; x_wconf 89' lang='lat' dir='ltr'>tempore</span> <span class='ocrx_word' id='word_1_91' title='bbox 1096 2669 1114 2710; x_wconf 82' lang='lat' dir='ltr'><strong>a</strong></span> <span class='ocrx_word' id='word_1_92' title='bbox 1138 2635 1277 2712; x_wconf 61' lang='lat' dir='ltr'>Frontisv</span> 
     </span>
     <span class='ocr_line' id='line_1_16' title="bbox 300 2791 1269 2886; baseline -0.006 -22"><span class='ocrx_word' id='word_1_93' title='bbox 300 2794 528 2881; x_wconf 82' lang='lat' dir='ltr'>obsidebatur,</span> <span class='ocrx_word' id='word_1_94' title='bbox 560 2819 627 2886; x_wconf 84' lang='lat' dir='ltr'>qua</span> <span class='ocrx_word' id='word_1_95' title='bbox 659 2811 753 2886; x_wconf 83' lang='lat' dir='ltr'>copta</span> <span class='ocrx_word' id='word_1_96' title='bbox 783 2791 867 2859; x_wconf 91' lang='lat' dir='ltr'>nihil</span> <span class='ocrx_word' id='word_1_97' title='bbox 891 2793 932 2860; x_wconf 84' lang='lat' dir='ltr'>ob</span> <span class='ocrx_word' id='word_1_98' title='bbox 964 2793 1127 2860; x_wconf 74' lang='lat' dir='ltr'>invasione</span> <span class='ocrx_word' id='word_1_99' title='bbox 1150 2794 1269 2884; x_wconf 85' lang='lat' dir='ltr'>Remp.</span> 
     </span>
     <span class='ocr_line' id='line_1_17' title="bbox 301 2940 1273 3038; baseline -0.006 -24"><span class='ocrx_word' id='word_1_100' title='bbox 301 2947 387 3014; x_wconf 89' lang='lat' dir='ltr'>tueri</span> <span class='ocrx_word' id='word_1_101' title='bbox 415 2961 534 3038; x_wconf 88' lang='lat' dir='ltr'>posset.</span> <span class='ocrx_word' id='word_1_102' title='bbox 580 2943 675 3029; x_wconf 84' lang='lat' dir='ltr'>Quod</span> <span class='ocrx_word' id='word_1_103' title='bbox 709 2968 786 3010; x_wconf 90' lang='lat' dir='ltr'>cum</span> <span class='ocrx_word' id='word_1_104' title='bbox 809 2941 988 3010; x_wconf 81' lang='lat' dir='ltr'>foederatos</span> <span class='ocrx_word' id='word_1_105' title='bbox 1009 2940 1050 3008; x_wconf 82' lang='lat' dir='ltr'>sd</span> <span class='ocrx_word' id='word_1_106' title='bbox 1079 2941 1273 3033; x_wconf 82' lang='lat' dir='ltr'>pacificatio-</span> 
     </span>
     <span class='ocr_line' id='line_1_18' title="bbox 302 3057 1276 3186; baseline -0.004 -26"><span class='ocrx_word' id='word_1_107' title='bbox 302 3116 379 3160; x_wconf 87' lang='lat' dir='ltr'>nem</span> <span class='ocrx_word' id='word_1_108' title='bbox 410 3117 509 3186; x_wconf 80' lang='lat' dir='ltr'>qnsm</span> <span class='ocrx_word' id='word_1_109' title='bbox 544 3093 694 3160; x_wconf 83' lang='lat' dir='ltr'>citissime</span> <span class='ocrx_word' id='word_1_110' title='bbox 716 3057 932 3183; x_wconf 69' lang='lat' dir='ltr'>peragendum</span> <span class='ocrx_word' id='word_1_111' title='bbox 958 3089 1123 3182; x_wconf 76' lang='lat' dir='ltr'>impediere</span> <span class='ocrx_word' id='word_1_112' title='bbox 1149 3090 1276 3158; x_wconf 88' lang='lat' dir='ltr'>debuis-</span> 
     </span>
     <span class='ocr_line' id='line_1_19' title="bbox 302 3238 1272 3334; baseline -0.004 -26"><span class='ocrx_word' id='word_1_113' title='bbox 302 3260 370 3327; x_wconf 90' lang='lat' dir='ltr'>set,</span> <span class='ocrx_word' id='word_1_114' title='bbox 403 3266 444 3308; x_wconf 87' lang='lat' dir='ltr'>ne</span> <span class='ocrx_word' id='word_1_115' title='bbox 470 3242 557 3334; x_wconf 91' lang='lat' dir='ltr'>ipsos</span> <span class='ocrx_word' id='word_1_116' title='bbox 580 3239 715 3334; x_wconf 85' lang='lat' dir='ltr'>quidem</span> <span class='ocrx_word' id='word_1_117' title='bbox 737 3241 916 3308; x_wconf 87' lang='lat' dir='ltr'>consentire</span> <span class='ocrx_word' id='word_1_118' title='bbox 939 3239 1084 3332; x_wconf 80' lang='lat' dir='ltr'>aliosque</span> <span class='ocrx_word' id='word_1_119' title='bbox 1109 3238 1170 3307; x_wconf 78' lang='lat' dir='ltr'>elio</span> <span class='ocrx_word' id='word_1_120' title='bbox 1194 3239 1272 3306; x_wconf 84' lang='lat' dir='ltr'>ferri</span> 
     </span>
     <span class='ocr_line' id='line_1_20' title="bbox 302 3386 1273 3479; baseline -0.005 -22"><span class='ocrx_word' id='word_1_121' title='bbox 302 3407 467 3458; x_wconf 85' lang='lat' dir='ltr'>momento</span> <span class='ocrx_word' id='word_1_122' title='bbox 489 3387 567 3458; x_wconf 92' lang='lat' dir='ltr'>inde</span> <span class='ocrx_word' id='word_1_123' title='bbox 590 3415 608 3455; x_wconf 85' lang='lat' dir='ltr'><strong>a</strong></span> <span class='ocrx_word' id='word_1_124' title='bbox 628 3386 771 3456; x_wconf 84' lang='lat' dir='ltr'>secunda</span> <span class='ocrx_word' id='word_1_125' title='bbox 786 3387 951 3455; x_wconf 84' lang='lat' dir='ltr'>concione</span> <span class='ocrx_word' id='word_1_126' title='bbox 979 3387 1142 3479; x_wconf 77' lang='lat' dir='ltr'>apperuit.</span> <span class='ocrx_word' id='word_1_127' title='bbox 1186 3387 1273 3470; x_wconf 76' lang='lat' dir='ltr'>Quae</span> 
     </span>
     <span class='ocr_line' id='line_1_21' title="bbox 304 3529 1274 3626; baseline -0.008 -19"><span class='ocrx_word' id='word_1_128' title='bbox 304 3551 381 3607; x_wconf 86' lang='lat' dir='ltr'>c&#39;uut</span> <span class='ocrx_word' id='word_1_129' title='bbox 400 3539 445 3606; x_wconf 81' lang='lat' dir='ltr'>ita</span> <span class='ocrx_word' id='word_1_130' title='bbox 465 3554 586 3623; x_wconf 84' lang='lat' dir='ltr'>essent,</span> <span class='ocrx_word' id='word_1_131' title='bbox 609 3534 723 3622; x_wconf 74' lang='lat' dir='ltr'>Anglie</span> <span class='ocrx_word' id='word_1_132' title='bbox 745 3551 778 3601; x_wconf 92' lang='lat' dir='ltr'>et</span> <span class='ocrx_word' id='word_1_133' title='bbox 798 3532 956 3620; x_wconf 85' lang='lat' dir='ltr'>Ordines,</span> <span class='ocrx_word' id='word_1_134' title='bbox 980 3533 1101 3626; x_wconf 86' lang='lat' dir='ltr'>quibus</span> <span class='ocrx_word' id='word_1_135' title='bbox 1117 3533 1188 3620; x_wconf 85' lang='lat' dir='ltr'>jam</span> <span class='ocrx_word' id='word_1_136' title='bbox 1209 3529 1274 3600; x_wconf 83' lang='lat' dir='ltr'>dis·</span> 
     </span>
     <span class='ocr_line' id='line_1_22' title="bbox 245 3673 1279 3782; baseline -0.012 -24"><span class='ocrx_word' id='word_1_137' title='bbox 245 3701 253 3716; x_wconf 86' lang='grc'><em>·</em></span> <span class='ocrx_word' id='word_1_138' title='bbox 302 3688 463 3782; x_wconf 85' lang='lat' dir='ltr'>plicebet,</span> <span class='ocrx_word' id='word_1_139' title='bbox 486 3685 648 3755; x_wconf 73' lang='lat' dir='ltr'>dustrinm</span> <span class='ocrx_word' id='word_1_140' title='bbox 670 3681 810 3767; x_wconf 86' lang='lat' dir='ltr'>bellum,</span> <span class='ocrx_word' id='word_1_141' title='bbox 835 3679 927 3774; x_wconf 89' lang='lat' dir='ltr'>quod</span> <span class='ocrx_word' id='word_1_142' title='bbox 950 3678 1036 3746; x_wconf 87' lang='lat' dir='ltr'>illius</span> <span class='ocrx_word' id='word_1_143' title='bbox 1059 3679 1155 3745; x_wconf 91' lang='lat' dir='ltr'>unius</span> <span class='ocrx_word' id='word_1_144' title='bbox 1178 3673 1279 3747; x_wconf 67' lang='lat' dir='ltr'>ceusu</span> 
     </span>
     <span class='ocr_line' id='line_1_23' title="bbox 303 3825 1278 3928; baseline -0.012 -24"><span class='ocrx_word' id='word_1_145' title='bbox 303 3855 383 3906; x_wconf 87' lang='lat' dir='ltr'>esset</span> <span class='ocrx_word' id='word_1_146' title='bbox 411 3838 598 3928; x_wconf 86' lang='lat' dir='ltr'>inceptum,</span> <span class='ocrx_word' id='word_1_147' title='bbox 629 3849 695 3900; x_wconf 78' lang='lat' dir='ltr'>tam</span> <span class='ocrx_word' id='word_1_148' title='bbox 725 3830 856 3896; x_wconf 88' lang='lat' dir='ltr'>remisse</span> <span class='ocrx_word' id='word_1_149' title='bbox 878 3849 1005 3915; x_wconf 83' lang='lat' dir='ltr'>gerere,</span> <span class='ocrx_word' id='word_1_150' title='bbox 1028 3849 1179 3918; x_wconf 88' lang='lat' dir='ltr'>quosque</span> <span class='ocrx_word' id='word_1_151' title='bbox 1193 3825 1278 3892; x_wconf 61' lang='lat' dir='ltr'>tra-⁴</span> 
     </span>
    </p>
   </div>
   <div class='ocr_carea' id='block_1_3' title="bbox 300 3970 1279 4071">
    <p class='ocr_par' dir='ltr' id='par_1_5' title="bbox 300 3970 1279 4071">
     <span class='ocr_line' id='line_1_24' title="bbox 300 3970 1279 4071; baseline -0.015 -19"><span class='ocrx_word' id='word_1_152' title='bbox 300 3985 383 4071; x_wconf 88' lang='lat' dir='ltr'>jeoti</span> <span class='ocrx_word' id='word_1_153' title='bbox 416 3981 543 4052; x_wconf 87' lang='lat' dir='ltr'>obsidio</span> <span class='ocrx_word' id='word_1_154' title='bbox 580 3978 671 4050; x_wconf 81' lang='lat' dir='ltr'>valde</span> <span class='ocrx_word' id='word_1_155' title='bbox 704 3975 911 4060; x_wconf 79' lang='lat' dir='ltr'>sollicitaret,</span> <span class='ocrx_word' id='word_1_156' title='bbox 948 3970 1148 4041; x_wconf 87' lang='lat' dir='ltr'>conditiones</span> <span class='ocrx_word' id='word_1_157' title='bbox 1181 3971 1279 4064; x_wconf 78' lang='lat' dir='ltr'>prse&#39;</span> 
     </span>
    </p>
   </div>
   <div class='ocr_carea' id='block_1_4' title="bbox 302 4113 1272 4223">
    <p class='ocr_par' dir='ltr' id='par_1_6' title="bbox 302 4113 1272 4223">
     <span class='ocr_line' id='line_1_25' title="bbox 302 4113 1272 4223; baseline -0.012 -23"><span class='ocrx_word' id='word_1_158' title='bbox 302 4133 368 4200; x_wconf 84' lang='lat' dir='ltr'>viss</span> <span class='ocrx_word' id='word_1_159' title='bbox 403 4121 704 4223; x_wconf 62' lang='lat' dir='ltr'>(prdliminas&#39;res),</span> <span class='ocrx_word' id='word_1_160' title='bbox 730 4113 821 4218; x_wconf 70' lang='lat' dir='ltr'>&#39;quos</span> <span class='ocrx_word' id='word_1_161' title='bbox 859 4123 994 4193; x_wconf 77' lang='lat' dir='ltr'>Francis</span> <span class='ocrx_word' id='word_1_162' title='bbox 1035 4121 1272 4216; x_wconf 85' lang='lat' dir='ltr'>proposuisset,</span> 
     </span>
    </p>
   </div>
   <div class='ocr_carea' id='block_1_5' title="bbox 0 0 1506 4966">
    <p class='ocr_par' dir='ltr' id='par_1_7' title="bbox 0 0 1506 4966">
     <span class='ocr_line' id='line_1_26' title="bbox 0 0 1506 4966; baseline 0 0"><span class='ocrx_word' id='word_1_163' title='bbox 0 0 1506 4966; x_wconf 95' lang='lat' dir='ltr'> </span> 
     </span>
    </p>
   </div>
  </div>
 </body>
</html>
