2990 4966
775 528 818 594 98

363 732 446 802 Cum
461 751 587 819 autem,
600 731 684 824 quid
698 756 778 824 paee
792 731 947 802 effectum
956 733 1016 817 sit,
1031 730 1294 818 consideremus,

316 877 406 960 illos,
441 881 502 974 qui
534 881 718 948 dustriacae
742 881 910 972 potestatis
937 881 1068 948 ruinam
1093 897 1294 971 spectassent

315 1026 454 1118 ideoque
477 1026 602 1094 bellum
622 1026 864 1115 accendissent,
887 1045 1041 1097 eventum
1061 1025 1209 1096 fefellisse
1228 1051 1294 1095 ma·

314 1171 467 1240 nifestum
498 1191 556 1241 est.
602 1173 776 1244 Constabat
805 1175 996 1244 monarchia
1021 1177 1189 1244 lustriaco
1210 1178 1296 1263 ejus·

316 1344 382 1412 que
408 1321 443 1386 in
472 1345 508 1386 re
534 1319 667 1413 politica
694 1341 905 1391 momentum.
951 1324 1038 1410 Quae
1064 1322 1142 1390 inde
1163 1350 1182 1390 a
1208 1347 1288 1415 pace

315 1469 621 1558 Rheno-Trajectina
662 1472 778 1558 agendi
812 1474 964 1542 universe
1002 1473 1066 1541 fuit
1103 1474 1209 1560 ratio,
1240 1497 1291 1542 eo·

314 1643 454 1711 rumque
475 1621 681 1710 potissimum
704 1621 904 1708 Regnorum,
925 1645 1010 1713 quae
1034 1623 1155 1708 majora
1174 1645 1215 1688 ex
1233 1618 1291 1687 illa

315 1786 487 1835 consecuta
518 1769 648 1835 fuerant
684 1763 871 1852 commoda,
894 1783 933 1832 ut
955 1769 1044 1858 pacis
1069 1791 1188 1860 nempe
1214 1791 1292 1838 con-

310 1917 493 1984 stitutiones
514 1913 738 2000 vindicarent,
763 1915 960 2006 Aquisgraui
973 1917 1070 1982 etiam
1083 1915 1192 1985 valuit.
1208 1960 1209 1969 κ
1228 1917 1288 1984 Ita·

313 2089 379 2157 que
404 2067 564 2132 successio
591 2089 659 2132 non
681 2064 837 2166 modain
864 2065 1013 2152 Regnum
1033 2065 1077 2132 ll.
1103 2065 1286 2134 Britanniae

312 2237 423 2280 rursus
461 2213 648 2282 confirmata
681 2229 748 2293 est,
777 2210 834 2278 sed
861 2212 956 2278 etiam
983 2210 1131 2298 Belgium
1154 2212 1197 2279 ad
1222 2214 1286 2280 Au·

312 2364 423 2430 sariam
444 2364 588 2431 revertit.
634 2359 781 2450 Magnam
802 2383 881 2428 tero
901 2360 981 2428 liaeo
1002 2384 1095 2453 passa
1118 2379 1166 2428 est
1188 2361 1288 2429 demi·

312 2511 493 2577 nutionem.
547 2509 694 2576 Primum
725 2508 868 2574 Ducatus
903 2506 974 2575 illos
1007 2507 1138 2576 Italicos
1166 2509 1287 2576 amitte-

314 2661 386 2743 bat,
420 2655 511 2751 qnod
544 2681 581 2723 eo
613 2658 718 2744 majus
749 2654 907 2722 damnum
935 2633 1138 2748 erat,l1nod
1162 2679 1287 2726 novom

314 2807 468 2874 Franciae
486 2825 519 2874 et
538 2807 709 2899 Hispaniae
729 2807 969 2874 incrementum
990 2805 1173 2903 accederet,
1197 2807 1291 2874 Prin-

315 2961 389 3050 cipe
419 2980 531 3025 rursns
558 2957 747 3024 Burbonico
771 2957 806 3022 in
833 2954 923 3024 Italia
958 2957 1115 3026 ditionem
1141 2977 1291 3028 assecuto

315 3125 347 3172 et
371 3105 568 3176 considente.
615 3104 825 3170 Acerbiorem
846 3127 925 3172 vero
947 3103 1159 3174 calamitatem
1181 3125 1291 3174 nanta

318 3281 481 3329 rnnnnsra
520 3252 727 3352 deperditam
763 3257 859 3326 duxit
894 3257 1037 3326 Silesiam
1074 3259 1115 3325 ad
1151 3283 1293 3352 eamque

316 3411 571 3504 recuperandam
602 3429 821 3503 quaeeunque
846 3407 1007 3500 pertinaci
1033 3405 1200 3476 voluntate
1223 3425 1292 3476 ten·

318 3563 416 3630 tavit:
449 3557 540 3651 quod
569 3575 728 3626 testantur
754 3555 885 3624 foedera
915 3557 1104 3643 Vaseoniae,
1141 3556 1291 3648 Lipsiae,

318 3704 524 3800 Petropolis,
556 3729 732 3799 quaeque,
765 3706 887 3776 frustra
918 3705 1089 3797 quamvis,
1123 3705 1221 3791 egerit
1247 3703 1292 3770 ad

318 3856 581 3950 prohibendum,
604 3879 646 3922 ne
664 3855 772 3940 Regna
795 3853 993 3920 Paciscentia
1010 3876 1045 3917 se
1065 3850 1192 3920 Silesiac
1214 3849 1295 3918 lide-

313 4009 493 4094 jussionem
516 4007 552 4071 in
579 4021 759 4073 rnronntcl
786 4001 918 4088 gratiam
936 4016 1129 4092 susceptura
1152 3997 1295 4094 sponde·

317 4175 405 4225 rent.
447 4157 568 4223 Verum
591 4155 729 4240 Reginae
751 4149 934 4221 cedendum
957 4149 1038 4237 fuit,
1060 4173 1171 4242 neque
1198 4147 1292 4218 ultro
