2990 4966
553 1275 741 1378 ctrur
779 1279 822 1376 Ι.

557 1549 679 1600 CAUSA!
702 1551 807 1600 Bffli.

214 2212 217 2216 -
274 2147 437 2248 Cinorus
458 2175 523 2262 vl,
554 2175 740 2244 Germaniae
766 2177 967 2270 Imperator,
999 2181 1089 2250 nuile
1119 2210 1177 2272 re,

211 2325 369 2422 quamdiu
391 2325 555 2412 regnavit,
589 2325 686 2412 magis
717 2323 781 2396 suit
806 2324 982 2412 sollicitus,
1017 2355 1118 2423 quam
1140 2351 1179 2400 ut

206 2500 304 2565 regna
329 2491 584 2568 postmortem,
609 2497 685 2542 cum
706 2471 799 2566 prole
819 2475 959 2544 mascula
982 2496 1065 2548 esset
1088 2481 1179 2548 orhe-

210 2643 283 2712 tus,
313 2621 464 2694 cederent
497 2621 580 2689 filiae
615 2639 695 2690 natu
732 2624 870 2711 majori,
902 2643 1029 2696 utum
1059 2645 1209 2697 rums·

207 2791 299 2860 sur,
328 2796 412 2866 quse
429 2771 593 2864 nupsisset
608 2789 809 2857 rumcrsco,
832 2771 918 2838 Duci
936 2773 1178 2863 lutheringiae,

208 2939 320 3013 postea
343 2919 460 3008 Magno
482 2919 567 2988 Duci
591 2919 749 2986 Etruriae.
794 2919 944 3008 Veritus,
966 2945 1008 2988 ne
1035 2923 1181 3009 Regnum

207 3068 437 3154 dustrincum,
468 3065 560 3160 qnod
588 3066 755 3160 Principes
782 3067 892 3160 stirpis
922 3069 1177 3161 Habsburgensis

205 3240 355 3309 semper,
379 3233 541 3309 quantum
561 3197 765 3310 potuissent,
788 3217 952 3304 integrum
978 3240 1176 3309 servassent,

207 3367 459 3452 distraheretur,
482 3391 511 3432 a.
539 3365 623 3436 1713
653 3389 775 3435 novum
802 3366 944 3436 instituit
969 3371 1189 3440 successionis¹
1225 3376 1226 3379 ’

108 3598 113 3605 ¹
211 3517 381 3602 ordinem,
405 3538 475 3607 quo
503 3515 607 3600 cavit,
639 3532 726 3601 unt,
757 3515 785 3582 si
813 3515 988 3584 masculie
1016 3516 1100 3585 lines
1122 3543 1180 3585 sua

205 3688 303 3731 »non
327 3679 512 3748 exstarent,
542 3661 642 3754 ipsius
656 3679 659 3686 ⁴
672 3659 757 3728 filine
780 3660 995 3732 succederent
1021 3683 1053 3732 et
1079 3689 1178 3756 prae-

205 3837 223 3878 »
239 3813 403 3880 ferrentur
424 3809 551 3877 filiabus
571 3810 677 3878 fratris
698 3811 840 3897 mortni,
864 3833 997 3882 Josttrtss
1016 3813 1049 3898 1,
1073 3811 1179 3879 ultimi

205 3963 466 4056 simperatum,
498 3962 539 4028 itn
564 3977 602 4027 ut
630 3958 694 4026 filia
722 3977 800 4027 natu
822 3961 925 4046 major
953 3960 1069 4024 minori
1094 3975 1179 4024 ante-

204 4137 221 4178 r>
237 4111 385 4199 cederet,
408 4109 539 4204 solaque
564 4127 647 4177 esset
671 4111 762 4178 heres
785 4109 953 4192 omniunt,
979 4129 1062 4198 quae
1084 4125 1175 4199 pater
