2990 4966
686 519 726 584 67

219 728 447 806 mercatoriam
462 753 493 794 a.
508 726 588 796 1739
603 725 809 801 restituturos
827 723 1075 816 pollicebantur.
1120 724 1184 817 Sed

221 879 432 954 haecomnia
455 900 511 944 o1a
538 893 667 950 tantum
692 876 924 944 tractabantur.
970 873 1078 941 Mense
1103 875 1187 961 Majo

213 1034 256 1096 'eo
272 1045 379 1101 tumen
398 1043 576 1111 venerunt,
599 1031 638 1092 n't
656 1023 773 1092 Franci
788 1023 1022 1108 concederent,
1040 1048 1073 1090 se
1088 1023 1186 1092 liuni-

218 1175 352 1247 lterltum,
377 1173 565 1242 redacturos
589 1174 627 1278 in
653 1196 728 1238 eum
751 1189 889 1256 statum,
913 1196 982 1264 quo
1005 1171 1186 1238 secundum

218 1321 355 1396 foedera,
371 1345 536 1396 annorum
562 1321 647 1392 1713
671 1338 703 1390 et
732 1321 815 1390 1717
841 1339 1077 1414 oporteret„se
1098 1322 1186 1395 Prac-

218 1468 409 1545 tendentem
424 1493 532 1562 neque
550 1470 620 1556 ejus
636 1486 784 1562 posteros,
799 1452 999 1542 sustenturus
1015 1485 1048 1535 et
1067 1467 1186 1560 Regem

217 1617 388 1710 Hispaniae
418 1641 546 1690 movere
584 1634 779 1702 conaturos,
816 1640 858 1682 ne
890 1615 1123 1702 navigationem
1154 1618 1189 1681 in

218 1763 328 1832 Indias
350 1763 570 1834 Occidentales
595 1764 782 1856 impediret.
828 1765 874 1831 lte
897 1766 1009 1832 ceteris
1028 1790 1095 1834 non
1117 1791 1190 1834 con·

219 1915 317 1980 venit.

263 2061 380 2128 Franci
407 2062 527 2132 interea
552 2082 586 2128 se
622 2062 746 2128 moenia
776 2060 955 2154 adaequare
984 2081 1189 2154 perrecturos

217 2209 444 2292 minabantur,
466 2208 529 2272 nisi
547 2205 589 2273 ad
608 2205 849 2275 conclusionem
867 2210 957 2301 pacis
976 2230 1190 2301 properarent

219 2354 369 2424 Ordines.
414 2355 477 2440 Qui
510 2379 586 2431 cum
619 2353 844 2441 ostenderent,
875 2355 964 2423 illam
998 2357 1061 2426 hoe
1093 2357 1190 2428 modo

216 2510 440 2602 maximeque,
460 2510 488 2575 si
505 2507 629 2584 bellum
646 2535 664 2575 a
678 2509 809 2578 Francis
825 2511 861 2576 in
881 2511 978 2602 Reip.
992 2491 1191 2588 territorium

215 2657 450 2738 ¹transferretur
470 2657 522 2744 (ut
540 2657 643 2743 flagae
659 2659 875 2747 metuserat),
891 2658 1000 2749 potius
1020 2656 1191 2726 dilaturam

216 2826 307 2888 esse,
329 2803 406 2895 quia
424 2821 560 2870 cessaret
573 2820 655 2870 tune
669 2801 829 2869 Ordinum
842 2805 1046 2888 intercessio,
1061 2804 1194 2870 Francia

215 2980 237 3022 a
258 2953 430 3046 proposito
448 2951 582 3024 destitit.

264 3102 374 3176 Paullo
400 3121 477 3196 post
508 3101 579 3174 aula
608 3099 763 3172 Francica
792 3101 967 3189 intellexit,
993 3082 1112 3192 Anglos
1136 3127 1189 3188 ea,

220 3277 304 3346 quae
325 3270 396 3326 acta
419 3269 540 3338 essent,
562 3254 689 3320 novisse
710 3270 741 3320 et
760 3253 987 3344 comprobare,
1010 3252 1051 3320 de
1071 3278 1136 3345 qua
1155 3279 1190 3320 re

221 3427 301 3473 cum
318 3401 429 3472 adhuc
456 3399 683 3486 dubitavisset,
707 3401 808 3486 magis,
824 3402 988 3476 successui
1010 3405 1192 3489 negotiatio·

220 3578 301 3624 num
330 3552 495 3622 confidere
529 3554 656 3644 coepit,
689 3552 755 3618 imo
788 3550 928 3639 legatum
958 3552 1079 3639 Hagam
1104 3554 1191 3621 misit

220 3697 440 3769 Hamilcarem
468 3721 513 3768 nt
542 3719 721 3783 Putstttux,
756 3700 816 3791 qui
840 3698 923 3768 clam
951 3699 1191 3792 colloqueretur

226 3877 301 3918 cum
330 3855 540 3945 principibus
561 3845 596 3918 in
622 3855 706 3944 Rep.
733 3853 810 3919 viris
835 3851 876 3918 de
899 3852 1031 3943 optimis
1050 3848 1135 3916 bello
1154 3849 1190 3924 fi·

223 4023 299 4066 nem
324 4001 517 4094 imponendi
544 3999 660 4069 modis.
705 3999 798 4067 Unde
821 3999 944 4066 sactum
967 4011 1031 4079 est,
1057 4013 1094 4060 ut
1118 4019 1190 4062 con-

223 4170 349 4231 gressus
360 4147 489 4234 jamdiu
503 4165 713 4239 exspectatus<
722 4147 989 4230 constitueretur,
1011 4167 1079 4235 quo
1094 4145 1193 4210 trium
