2990 4966
818 524 862 592 30

358 735 462 801 tinuas
487 730 582 818 gessit
604 729 848 814 negotiationes,
869 751 909 796 eo
928 728 1009 816 line,
1029 746 1068 796 ut
1091 728 1225 798 Ordines
1244 755 1324 824 quo-

358 905 423 974 que
463 881 500 948 iu
536 877 676 964 Reginae
711 878 845 964 gratiam
873 876 951 945 belli
988 878 1161 971 participes
1195 880 1322 950 fierent.
1361 938 1363 942 .

358 1030 456 1098 Auno
478 1051 555 1098 vero
571 1043 726 1120 sequente
746 1048 816 1094 non
836 1025 974 1118 amplius
991 1049 1025 1094 se
1046 1051 1064 1094 a
1084 1045 1182 1118 pacto
1198 1027 1326 1096 Hanno·

358 1201 448 1248 verae
469 1174 623 1246 recedere
641 1173 722 1244 velle
744 1173 887 1260 celabat,
918 1171 1128 1246 neutralitatis
1152 1175 1328 1244 terminum

331 1371 337 1381 ·
358 1351 426 1396 non
452 1325 550 1394 luisse
571 1341 728 1393 statutam
747 1323 942 1410 significans.
988 1321 1157 1417 Quidquid
1179 1325 1247 1393 Rex
1267 1326 1327 1394 Bo·

357 1477 475 1544 russiae
506 1491 618 1544 conus
649 1473 781 1540 rationis
810 1472 968 1557 sstulerit,
1004 1471 1089 1540 nihil
1113 1473 1239 1561 effecit,
1264 1472 1326 1542 sed

357 1625 428 1714 ipse
453 1640 603 1690 neumam
627 1637 754 1711 partem
780 1643 906 1688 servare
928 1621 1154 1710 perseveravit.
1198 1621 1329 1690 Exorai.

358 1787 410 1836 tus
433 1767 615 1836 foederatus
637 1766 770 1834 nomina
790 1765 1005 1857 Pragmatiai
1020 1784 1177 1853 assumto,
1198 1765 1327 1853 legioni·

357 1920 420 1984 bus
452 1939 531 2009 quas
561 1915 716 1982 miserant
742 1913 878 1984 Ordines
904 1931 1040 2000 auctus,
1066 1914 1206 1984 Francos
1233 1916 1325 2008 apud

357 2063 541 2152 Dattinyea
570 2062 778 2156 profligarit,
815 2061 872 2130 sed
903 2059 1034 2130 nullum
1070 2059 1147 2132 inde
1178 2062 1326 2133 fructum

359 2211 520 2304 percepit.

402 2358 493 2428 Baro
515 2378 559 2428 trs
584 2375 754 2442 mtto,
779 2357 898 2443 legatus
920 2376 1040 2426 otton
1054 2359 1115 2426 vtt
1133 2361 1169 2426 iu
1191 2359 1323 2450 Anglia,
1348 2405 1351 2412 ι

355 2508 426 2593 jam
447 2529 489 2573 ex
511 2505 608 2608 longo
640 2523 787 2596 tempore
818 2505 1032 2572 Ministerium
1059 2505 1232 2594 Anglicum
1261 2533 1328 2577 rno-

359 2679 432 2722 vere
457 2657 655 2741 conabatur,
677 2669 716 2722 ut
739 2655 826 2722 inter
850 2655 1082 2746 Imperatorem
1111 2673 1143 2724 et
1171 2656 1325 2745 Reginam

359 2801 539 2890 Hungariae
564 2802 746 2872 mediatoris
770 2821 878 2895 partes
900 2805 1091 2897 susciperet.
1136 2805 1247 2872 Mense
1269 2805 1325 2872 Fe·

361 2951 492 3020 bruario
504 2976 533 3019 a.
548 2951 629 3022 174³
644 2951 700 3020 has
713 2953 887 3046 proposuit
901 2951 1116 3022 conditiones:
1131 2970 1170 3020 ut
1183 2972 1328 3024 ctuottts

360 3097 531 3168 decederet
552 3095 593 3163 de
611 3098 688 3183 jure
711 3122 771 3166 suo
794 3100 830 3164 iu
849 3101 1084 3166 successionem
1104 3099 1322 3179 dustriacem.

359 3244 457 3316 modo
479 3263 586 3314 nasu
603 3263 764 3312 rursusne
784 3243 831 3312 illi
853 3243 992 3312 traderet
1010 3244 1196 3315 districtum
1212 3247 1326 3335 Eqrae
1413 3227 1416 3232 ¹

358 3395 395 3460 in
416 3393 565 3461 Bohemie
589 3409 622 3460 et
643 3353 723 3460 duas
749 3390 886 3462 circulos
909 3392 1026 3462 Pilato
1047 3411 1081 3462 et
1102 3392 1251 3480 ΒναΙιίιι,
1274 3393 1325 3461 di·

357 3543 510 3612 strictum
537 3540 649 3612 Tirolis
677 3543 713 3608 in
738 3543 811 3635 ripa
839 3541 1081 3634 septentrionali
1116 3541 1207 3609 sttui
1232 3541 1325 3634 (Ina)

359 3693 459 3760 situm
479 3715 555 3759 oum
578 3687 705 3758 castello
722 3687 898 3779 Kttsstet'n,
920 3708 952 3758 et
972 3707 1070 3758 totana
1087 3690 1251 3758 Austriatn
1273 3717 1327 3758 au·

361 3841 530 3922 temonem,
552 3855 598 3905 ut*
616 3835 746 3907 Elector
773 3835 937 3923 Palatinus
966 3835 1093 3907 cederet
1116 3837 1328 3930 Neobergant

362 4007 395 4058 et
426 3985 609 4068 sulzbach,
643 4009 726 4076 qnae
756 4003 956 4078 permutaret
990 4009 1067 4054 cum
1095 3986 1257 4055 territorio
1291 3987 1327 4052 iu

363 4134 470 4222 Belgio
492 4135 621 4221 majoris
643 4134 814 4219 momenti,
838 4132 929 4224 quod
953 4131 1000 4200 illi
1027 4159 1045 4202 a
1071 4109 1198 4220 [legino
1213 4157 1327 4202 conec·
