2990 4966
793 530 836 596 80

374 735 417 804 Ut
449 757 570 802 omnes·
593 735 759 828 Principes
778 733 878 822 hujus
903 731 1039 800 foederis
1063 731 1299 826 partici'pes'se

331 883 539 952 Sanctionem
549 883 777 970 Pragmatieam
787 879 1297 976 fidejussurosessespondercntr

374 1029 418 1098 Ut
436 1031 518 1117 Regi
541 1030 706 1098 Borussiae
725 1031 765 1097 ab
784 1029 897 1098 iisdem
911 1030 1303 1118 fidejubereturllucatus

330 1177 457 1248 silesiae
488 1203 564 1248 eum
592 1178 753 1248 comitatu
782 1177 897 1264 Glatii,
919 1180 965 1248 ita
991 1199 1030 1250 ut
1059 1205 1151 1250 nunc
1177 1183 1218 1248 ab
1247 1179 1302 1248 illo

329 1329 565 1420 possideretur3

375 1478 419 1548 Ut
450 1480 528 1566 jura
558 1502 642 1570 quae
671 1475 884 1545 contenderet
916 1473 1046 1544 Elector
1077 1473 1253 1544 Palatinus·
1268 1476 1305 1542 in

331 1623 464 1692 foedum
482 1624 697 1714 Pleinsting,
719 1623 818 1710 litigia
840 1621 1021 1713 deMagno
1041 1621 1237 1714 Magisterio
1256 1647 1306 1690 or·

331 1771 424 1840 dinis
439 1776 612 1862 equestris
640 1773 774 1838 velleris
807 1773 924 1855 attrei,
956 1769 998 1837 de
1031 1772 1188 1839 tractibus
1222 1771 1306 1838 Hau·

333 1921 449 1988 neniae
463 1917 614 2005 inclusis,
630 1917 670 1986 de
679 1918 823 1986 Ecclesia
837 1918 998 1987 abbatiali
1012 1919 1131 1988 Sancti
1144 1919 1287 1988 liuberti
1290 1947 1303 2004 ‚·

333 2068 375 2137 de
394 2071 484 2137 novis
509 2066 641 2136 aedibus
665 2068 774 2137 cursui
796 2067 932 2161 publico
954 2070 1154 2157 constitutis,
1178 2069 1304 2162 aliaque
1329 2087 1331 2092 '

334 2219 370 2285 in
394 2219 560 2286 communi
583 2241 757 2304 congressu
779 2236 1009 2288 tractarentur.

384 2367 485 2433 Porro
502 2383 627 2432 secreto
648 2363 785 2432 articulo
801 2367 971 2457 provisum
987 2383 1072 2452 crat,
1094 2383 1150 2451 ut,
1171 2368 1198 2432 si
1218 2365 1307 2433 Prin·

337 2514 443 2604 cipes,
474 2509 515 2577 de
549 2535 693 2603 quorum
727 2513 898 2581 commodo
931 2516 1181 2602 transigeretur,
1209 2513 1307 2581 dictis

319 2639 581 2728 ¹conditionibus
602 2659 755 2729 accedere
775 2659 918 2747 nollent,
940 2661 1093 2747 Francia,
1116 2660 1161 2730 M.
1176 2661 1307 2728 'Britan-

334 2809 388 2874 nia
408 2825 440 2876 et
460 2806 598 2877 Ordines
617 2807 783 2908 Generalea
807 2833 917 2876 omues
932 2809 997 2877 rias
1012 2827 1305 2902 persequerentur,

337 2959 459 3050 quibus
482 2956 519 3022 id
540 2957 660 3050 perfici
683 2975 813 3049 posset,
836 2981 944 3049 neque
967 2955 1013 3022 illi
1036 2958 1224 3050 Principes,
1248 2957 1309 3049 qui

336 3122 448 3171 contra
465 3103 559 3194 spem
583 3103 1042 3172 Paciscentium‘conditiones
1065 3103 1167 3174 dictas
1189 3103 1308 3198 appro-

335 3253 411 3318 hare
438 3269 609 3337 negarent,
634 3251 819 3345 quidquam
848 3251 1057 3322 commodum
1082 3255 1144 3320 sibi
1176 3253 1310 3346 stipula·
1332 3273 1345 3284 “

334 3415 405 3464 tum
426 3400 648 3491 perciperent.

383 3543 454 3614 alio
471 3546 608 3615 articulo
627 3567 790 3640 separato,
809 3547 958 3617 induciae
971 3569 1084 3642 pactae
1101 3569 1209 3636 erant,
1225 3551 1310 3642 quae
1331 3577 1338 3588 ι

337 3698 444 3765 statim
467 3713 543 3789 post
570 3698 713 3788 praevias
738 3695 940 3764 conditiones
962 3699 1099 3784 signatas
1120 3723 1181 3791 per
1203 3717 1310 3778 tntum

337 3849 482 3937 Belgium
508 3847 670 3934 valerent,
701 3867 837 3942 excepta
853 3851 946 3916 urhe
973 3876 991 3915 a
1021 3849 1154 3919 Francis
1181 3851 1308 3918 obsessa

338 3997 477 4084 Trajecti
490 3997 531 4064 ad
545 3997 675 4066 Mosam.
698 4041 700 4046 -
717 3995 955 4066 Postulaverant
970 3996 1137 4085 foederati,
1148 3999 1195 4067 'ut
1213 3999 1310 4067 etiam
1341 4017 1343 4020 ·

337 4145 378 4210 ad
401 4145 585 4232 Trajectum
608 4147 677 4216 illae
695 4145 855 4215 induciae
877 4145 1152 4234 extenderentur,
1175 4147 1232 4214 sed
1256 4147 1333 4212 ncl-
