2990 4966
696 501 736 564 43

244 757 254 772 .-
276 681 479 800 imperator,
509 707 578 774 Rex
610 703 796 787 Borussiae,
830 701 959 770 Elector
986 700 1148 768 Palatinus
1172 721 1205 770 et

234 857 302 948 Rex
338 856 470 925 Sueoiae
506 872 662 947 tanquam
695 850 913 938 Landgravius
941 849 1209 918 Hassis-Gasellae

233 1001 268 1072 d.
300 1007 343 1072 22
370 1027 415 1071 m.
440 1001 518 1088 Maji
545 1028 573 1070 a.
605 1001 690 1070 1744
715 999 875 1068 Unum
901 999 1106 1068 Francofurti
1133 999 1209 1067 inie-

235 1167 334 1236 runt,
358 1148 399 1216 ad
424 1173 499 1216 eum
523 1148 639 1234 finem,
661 1166 700 1216 ut
719 1149 908 1217 constitutio
926 1148 1114 1216 Germanica
1134 1173 1208 1216 con-

236 1297 436 1383 firmaretur,
469 1315 507 1366 ut
528 1316 674 1365 canotus
697 1295 761 1364 Vlt
779 1297 959 1388 Imperator
981 1313 1209 1384 agnosceretur

237 1471 255 1511 a
275 1445 396 1532 Regina
422 1445 617 1532 Burgenae,
639 1463 678 1514 ut
704 1445 792 1513 idem
817 1447 853 1513 in
874 1445 1093 1514 Electoratum
1117 1445 1212 1515 Bava-

236 1595 301 1660 riae
328 1594 569 1678 restitueretur,
602 1612 635 1662 et
666 1611 705 1661 ut
733 1593 960 1662 contrahentes
982 1594 1046 1660 sibi
1067 1595 1209 1662 invicem

237 1746 452 1838 possessiones
484 1769 554 1813 suas
591 1744 821 1833 fidejuberent.
866 1743 961 1830 Quod
987 1747 1138 1814 attineret
1169 1746 1210 1814 ad

242 1895 486 1962 contestationes
503 1918 601 1986 super
621 1896 822 1964 successione
835 1895 1021 1982 Austrinos,
1044 1895 1094 1964 vel
1107 1896 1211 1964 amico

237 2038 336 2107 modo
369 2042 554 2109 interventu
581 2044 728 2108 omnium
753 2043 887 2133 Imperii
918 2042 1080 2112 Ordinum
1107 2047 1241 2112 conci-2
1277 2062 1283 2076 ⁷

237 2185 410 2270 limentur,
442 2186 491 2256 vel
521 2188 652 2258 decreto
670 2189 820 2276 judiciali
844 2189 1057 2278 tollerentur,
1080 2191 1138 2259 sed
1164 2197 1211 2263 in-

237 2335 333 2402 terim
352 2333 503 2404 induciae
522 2359 585 2428 per
607 2354 707 2404 totam
733 2337 938 2406 Germaniam
960 2358 1189 2431 pungerentur.

281 2483 321 2550 1).
357 2490 377 2552 9
405 2510 448 2555 m.
475 2486 569 2554 Junii
595 2510 665 2578 seq.
688 2485 862 2554 articulum
890 2485 1089 2556 addiderunt
1110 2511 1212 2558 secre-

238 2645 306 2698 tum
339 2653 371 2701 et
407 2645 622 2724 separatum,
656 2659 725 2727 quo
758 2635 912 2704 foederati
948 2639 1208 2722 constituerunt,

237 2799 276 2848 ut
306 2782 375 2849 Rex
405 2783 557 2850 Franciae
587 2781 629 2848 ad
661 2781 886 2850 accedendum
915 2785 1123 2870 invitaretura
1163 2811 1212 2856 eo·

238 2927 381 3021 demque
406 2928 460 2996 die
483 2927 604 3014 legatus
631 2932 806 2998 Francicus
829 2929 973 3000 adhaesit
995 2932 1056 3024 (l).

282 3076 355 3144 Non
376 3075 479 3145 multo
501 3097 577 3169 post
600 3077 671 3145 aula
699 3079 888 3148 Viennensis
912 3079 1089 3148 articulum
1114 3104 1214 3150 serre

243 3243 314 3292 tum
334 3224 509 3318 quemdam
532 3225 687 3319 protulit,
710 3230 771 3322 qui
789 3229 869 3298 huic
889 3227 1013 3296 foederi
1034 3229 1212 3317 adjunctus

240 3394 334 3444 esset.
380 3376 534 3445 Cattotus
557 3376 692 3444 solemni
709 3375 805 3446 modo
829 3377 972 3470 epistolis
988 3381 1212 3470 (circulairee)

239 3525 415 3595 declaravit
444 3524 572 3594 foedere
597 3525 727 3613 nullum
754 3495 928 3594 articulum
954 3547 1118 3598 secretum
1141 3552 1216 3598 con-

236 3677 351 3745 tineri.
397 3678 469 3744 Rex
499 3676 665 3746 Borussiae
692 3675 866 3745 articulum
899 3676 1066 3768 prolatum
1100 3674 1215 3742 salsum

242 3823 325 3892 dixit
350 3843 383 3891 et
408 3824 562 3894 malitiose
598 3828 827 3912 excogitatum.
880 3825 1118 3911 Verumtamen,
1140 3846 1215 3888 cum

245 3982 367 3992 ..au—-

261 4049 302 4116 (l)
337 4051 536 4102 lustrumeutum
556 4053 659 4104 Ueiouis
688 4069 745 4102 cum
772 4053 916 4102 securiore
940 4051 1017 4113 Regis
1042 4046 1161 4098 hanniae
1180 4050 1220 4099 in·

338 4149 441 4197 venitur
458 4150 524 4215 opud
544 4152 644 4199 sorim.
666 4151 752 4215 ΟΜ.
771 4151 799 4202 Τ.
820 4149 857 4200 lt.
879 4163 904 4214 p.
926 4146 976 4196 444
994 4162 1051 4212 sqq.
