2990 4966
220 722 380 812 impetum
403 741 638 812 quemcunque
662 737 856 811 peterentur
867 750 879 806 3
906 740 976 813 quo
997 745 1072 791 casu
1096 723 1196 810 hujus

219 873 268 938 -rei
299 870 508 963 Principem,
541 871 600 962 qui
635 871 792 961 petierat,
817 872 986 942 certiorem
1015 871 1114 942 saciet
1138 876 1197 966 qni

7 1033 9 1128 q
219 1021 411 1112 ‚praebuerit
442 1018 524 1088 duos
560 1041 685 1088 menses
714 1038 790 1088 ante
816 1019 1008 1104 revocanda¹
1021 1021 1194 1092 auxiliaria.

7 1131 8 1136 γ
216 1170 299 1242 Art.
323 1171 354 1239 4.

265 1315 331 1383 Nec
353 1315 410 1384 fiet
432 1341 517 1407 pax,
541 1339 651 1412 neque
679 1301 848 1403 induciae,
872 1331 1012 1410 quarum
1036 1317 1113 1403 ille,
1136 1320 1196 1411 qui

213 1463 361 1570 ,oflJensus
393 1487 460 1532 non
490 1463 608 1551 suerit,
644 1467 880 1536 Paciscentium
910 1483 977 1538 non
1008 1469 1070 1550 erit
1097 1471 1198 1561 parti·

215 1636 311 1704 ceps.
355 1614 432 1680 Art.
460 1616 510 1684 12.
583 1647 586 1652 ·

266 1763 341 1830 Art⁰
374 1765 412 1830 15
448 1765 618 1849 convenit,
655 1781 693 1832 ut
719 1763 787 1834 Rex
809 1783 842 1833 et
869 1765 968 1857 Resp.
996 1764 1145 1834 Poloniae
1163 1783 1196 1834 et

221 1913 290 1980 Rex
328 1911 372 1978 Μ.
407 1912 604 1982 Brittanniae
638 1931 796 2006 tanquam
818 1912 962 1982 ‘Elector
998 1913 1197 1984 Brunsvico·

222 2061 449 2148 Luneburgius
482 2062 688 2148 conjunctim
712 2062 945 2147 invitarentur,
968 2081 1007 2132 ut
1031 2062 1112 2132 huic
1134 2063 1198 2132 soc·

225 2208 296 2276 deri
329 2209 483 2278 accedero
512 2207 648 2295 vellent3
672 2226 705 2275 et
728 2222 792 2276 art⁰
815 2211 854 2280 16
876 2207 1026 2295 additur,
1049 2211 1077 2278 si
1100 2209 1197 2304 Resp-

223 2357 371 2426 Poloniae
398 2356 499 2426 nollet
521 2356 692 2443 accedere,
715 2357 785 2424 Rex
807 2355 1019 2426 nihilominus
1040 2375 1197 2451 tanquam

222 2507 352 2578 Elector
372 2509 526 2578 Senoniae
552 2510 655 2576 amico
679 2505 778 2576 modo
794 2531 862 2576 ease
882 2504 1082 2576 invitandus.

268 2656 417 2726 Foederis
460 2656 658 2726 diuturnitas
702 2659 914 2726 constituitur
952 2659 995 2727 25
1023 2679 1195 2726 annorum.

225 2805 302 2874 Are.
332 2808 381 2874 17·
417 2837 420 2842 ·

271 2953 397 3022 Foedus
430 2969 617 3045 sequuntur
646 2977 702 3020 aex
731 2949 860 3020 articuli
894 2952 1009 3018 secreti
1045 2969 1079 3018 et
1111 2974 1199 3020 uuus

224 3102 466 3176 secretissimus.

269 3253 436 3324 secretum
465 3251 626 3344 primum,
640 3243 934 3341 feruntpertine're
956 3247 998 3318 ad
1022 3227 1197 3341 imiterium

226 3402 270 3470 M.
294 3402 393 3469 Ducis
423 3420 541 3486 Putet,
572 3417 730 3492 tanquam
762 3398 860 3466 Ducis
885 3397 1060 3485 Holsatiae,
1083 3412 1198 3468 secun·

224 3551 326 3639 dum,
358 3553 492 3621 tertium
522 3568 555 3619 et
577 3551 733 3642 quintum
757 3566 903 3641 spectare
925 3549 1055 3620 Russiae
1074 3569 1108 3617 et
1130 3549 1197 3616 ’Διι-

224 3705 300 3770 stria
332 3700 519 3787 commode,
542 3718 575 3769 et
603 3699 800 3804 constituere
820 3697 929 3766 ltaliae
951 3724 969 3766 e
994 3723 1070 3768 casu
1093 3697 1199 3768 sonde-

226 3852 270 3918 ris
301 3853 547 3942 exceptionem
579 3869 715 3944 quartus
742 3847 828 3918 solus
852 3847 1017 3934 evulgatus
1044 3864 1110 3916 ests
1140 3848 1198 3916 Re·

168 3999 176 4014 '
229 3999 301 4086 gina
336 3997 513 4084 Huugariae
545 4017 576 4065 et
608 3999 782 4065 Bohemiae
810 3995 977 4090 declaret,
998 4017 1031 4062 se
1054 3993 1197 4081 religiose

230 4168 262 4216 et
292 4149 379 4215 bona
410 4145 474 4216 fide
502 4145 614 4215 soedus
639 4145 817 4214 liresdcnse
839 4145 1100 4230 observaturam,
1122 4142 1198 4230 sed,
