2990 4966
723 534 762 600 ot

244 739 516 831 comprehenso),
551 736 607 804 sed
644 707 741 804 etiam
769 762 853 830 quae
889 739 1123 808 nanciscendae
1159 744 1221 810 hoc

243 887 369 958 foedere
392 904 621 954 memorentur.
667 886 744 955 Art.
776 890 825 956 12.

238 997 241 1006 ῃ
286 1037 401 1103 trel
436 1033 664 1102 conditionum
697 1054 920 1128 separatarum
955 1055 987 1105 ct
1021 1055 1216 1106 secretarum

240 1182 357 1251 eodem
378 1181 430 1250 dic
448 1185 663 1271 signatarum,
684 1185 776 1278 Reip.
795 1185 961 1278 spondent
973 1185 1216 1260 distinctionem

242 1335 378 1420 regiam,
403 1330 494 1424 quali
511 1333 643 1402 'fruetur
663 1335 761 1427 Resp.
777 1335 944 1422 Venetiae,
968 1337 1218 1430 pace'universa

242 1483 346 1550 tribui
369 1482 460 1568 fore,
488 1487 664 1576 praecipue
688 1503 842 1578 respectu
868 1485 1045 1572 legatorum
1074 1488 1215 1558 invicem

205 1607 211 1614 .
243 1630 491 1700 mittendorum.
529 1639 534 1648 '

288 1782 361 1848 Art⁰
383 1783 405 1848 2
427 1779 487 1848 alia
511 1783 608 1848 etiam
632 1784 675 1849 ac‘
696 1805 794 1874 supra
822 1781 911 1851 dicta
938 1779 1098 1852 territoria
1122 1787 1215 1879 Reip.

245 1930 495 2020 promittuntur.

292 2077 395 2145 Ceteri
410 2081 485 2144 arta.
499 2079 666 2168 pertinent
681 2077 721 2143 ad
735 2074 945 2162 obligationes
956 2083 1115 2144 terrarum
1125 2077 1216 2171 Reip.
1236 2160 1237 2165 η

248 2249 321 2312 erga
338 2226 519 2317 Imperium
538 2226 778 2292 Germanicum·

291 2375 362 2443 Hoc
385 2379 530 2466 tempore
551 2373 730 2442 Turnacum
751 2373 949 2465 imperator,
974 2373 1218 2442 tranotttt‘tusl

247 2522 475 2590 mediationem
490 2547 583 2588 suam
599 2521 769 2588 foederatis
786 2521 960 2589 austriacis
979 2520 1110 2590 obtulit.
1147 2523 1220 2588 Pro-

247 2672 391 2762 pouebat
422 2670 588 2737 Venetiam
626 2669 667 2736 ad
708 2675 916 2754 congressum
953 2670 1223 2764 conditionesque

248 2781 391 2910 praevias
418 2819 577 2884 statueliat
604 2817 682 2902 has,
705 2834 743 2882 ut
772 2815 922 2884 induciae
946 2817 1063 2884 fierent
1091 2791 1224 2884 ad‘mo-

249 2966 331 3033 dum
349 2969 403 3032 aaa·
415 2965 593 3056 possidetis
612 2982 645 3032 et
662 2982 700 3032 ut
713 2963 931 3057 Romanorum
945 2963 1123 3054 imperator
1143 2987 1223 3029 nou·

248 3117 312 3182 nisi
341 3115 499 3184 universis
528 3115 684 3200 suffragiis
710 3112 893 3198 eligeretur.
940 3113 1004 3178 Ilae
1039 3136 1114 3180 vero
1144 3138 1224 3204 quas

248 3264 384 3334 Francia
416 3281 612 3350 suggesserat
631 3225 897 3356 propositiones,
930 3254 1050 3354 quibus
1081 3265 1222 3354 acceptis

250 3415 286 3480 iu
305 3415 402 3480 unius
425 3412 517 3498 Regis
541 3410 706 3478 Borussiac
730 3411 865 3478 arbitrio
888 3427 989 3495 esset,
1012 3435 1054 3476 an
1081 3410 1124 3478 M.
1152 3410 1225 3476 ltux

253 3562 400 3631 Etruriae
430 3562 640 3654 Imperatoria
667 3558 821 3646 dignitate
850 3561 1034 3651 potiretur,
1054 3557 1075 3625 ‘a
1104 3558 1228 3644 bellige-

252 3712 398 3778 rantibus
421 3710 558 3796 rcjectae
579 3727 667 3776 sunt.

298 3856 477 3925 Consilium
495 3856 630 3926 Silesiae'
644 3853 901 3947 recuperandae,
926 3852 1018 3946 quod
1033 3853 1105 3937 ‘ja‘m
1126 3874 1143 3916 e
1163 3850 1225 3918 l'oe·

258 4003 335 4072 dere
356 4005 557 4073 Varsoviensi
579 4005 774 4097 apparebat,
797 4001 937 4068 lucidius
955 4000 1160 4066 enuntiatum
1180 4017 1228 4065 cst

258 4156 293 4220 in
313 4149 460 4238 foedere,
485 4151 576 4244 quod
603 4150 638 4218 d·
669 4154 705 4219 18
730 4176 772 4218 m.
800 4149 875 4235 Maji
904 4149 989 4215 inter
1012 4149 1174 4216 Austriam
1196 4167 1227 4216 et

1077 4298 1180 4343 Μ’
