2990 4966
690 538 730 602 85

215 747 361 833 gnatum.
405 743 463 809 Bia
485 747 528 810 20
548 738 696 828 ejusdem
719 699 835 804 mensis
855 753 1058 804 accesserunt
1077 735 1188 826 Hispa·

218 891 291 972 uia,
314 890 425 958 Genua
448 905 481 956 et
503 868 724 973 Mutiuasdic
750 890 792 954 23
822 885 962 952 dustria.
1007 882 1070 952 Sed
1093 905 1186 952 recu·

215 1039 361 1106 sentibus
388 1037 496 1125 legatis
521 1036 613 1122 Regis
636 1034 820 1118 Sardiniae,
848 1033 925 1125 quia
947 1029 1083 1098 foederis
1110 1030 1193 1097 Vos--

218 1186 333 1253 matiaa
351 1209 419 1254 non
441 1186 660 1252 contineretur
681 1184 777 1250 etiam
799 1180 984 1268 fidejussio,
1006 1181 1108 1248 trium
1130 1178 1189 1245 Re·

218 1357 359 1421 gncrum
386 1331 480 1419 legati
505 1330 539 1398 d.
565 1333 609 1400 24
637 1329 886 1398 conventionem
909 1327 1058 1394 iecerunt
1083 1327 1188 1406 bano,

219 1498 275 1568 ut,
298 1482 327 1546 si
349 1503 415 1573 qua
432 1479 572 1546 Potestas
601 1475 688 1546 bello
709 1475 874 1568 implicata
894 1473 1016 1543 foederi
1039 1471 1192 1541 accedere

219 1646 383 1698 recusaret
409 1645 465 1696 aut
490 1625 653 1711 differret,
681 1627 744 1694 tria
765 1625 893 1712 Regna,
915 1649 1074 1693 consensu
1099 1623 1190 1691 Prin·

97 1808 101 1814 ·
222 1775 336 1868 cipum
367 1775 428 1868 qui
453 1776 664 1860 accesserint,
686 1775 794 1842 omnia
821 1771 1017 1840 adhiberent
1045 1772 1194 1840 efficacis·

219 1924 319 2009 sima,
349 1941 386 1991 nt
415 1941 671 2015 exsequerentur
699 1947 753 2008 ea,
786 1944 869 2014 quae
899 1937 998 2012 pacto
1032 1919 1193 2012 praesenti

221 2070 538 2164 praescriberentur,
553 2087 587 2137 et
607 2086 646 2137 ut
665 2091 774 2136 omnes
791 2069 990 2136 Paciscentes
1009 2066 1192 2135 secundum

221 2215 305 2284 illud
321 2213 417 2308 piene
431 2233 463 2284 et
477 2215 586 2308 quiete
604 2215 826 2308 possiderent,
849 2239 1067 2308 quaecunque
1080 2215 1119 2281 iis
1133 2239 1189 2282 scu

222 2361 423 2432 restituenda
440 2386 498 2430 seu
518 2362 661 2431 cedenda
674 2383 790 2432 essem.
836 2363 876 2431 D.
898 2365 981 2432 7m.
1000 2363 1080 2434 Nor.
1100 2363 1197 2453 legati.

224 2511 389 2582 Sardiniae
408 2530 622 2582 accesserunt.

268 2659 395 2728 Foedus
416 2659 530 2745 viginti
552 2677 693 2752 quatuor
715 2660 880 2728 constabat
899 2659 1052 2729 articulis.

268 2809 309 2876 ln
336 2808 468 2878 exordio
495 2808 707 2900 repetebatur
738 2806 894 2894 »longum
925 2825 958 2875 et
985 2809 1196 2896 sanguineum

223 2955 348 3024 »fuisse
364 2953 487 3022 bellurn
503 2955 589 3022 inter
602 2955 771 3024 Branciam
784 2973 817 3023 et
825 2955 943 3043 Regem
953 2956 998 3025 Μ.
1012 2957 1194 3026 Britanniae

226 3106 476 3197 »Regiumque
488 3103 681 3192 Hungariae,
697 3106 922 3173 Romanorum
929 3105 1190 3199 imperatricem3

225 3273 286 3323 »et
323 3255 409 3322 inter
444 3253 632 3345 Hispaniam
668 3271 701 3324 at
737 3253 855 3340 Regem
898 3254 942 3322 Μ.
985 3256 1192 3344 Britanniae,

227 3401 674 3496 »Imperatricem-Reginam
695 3419 729 3470 ct
749 3401 868 3489 Regem
888 3400 1073 3490 Sardiniae3
1099 3405 1194 3493 cujus

226 3551 333 3621 »belli
352 3551 527 3645 participes
554 3551 684 3618 suerunt
705 3549 844 3619 Ordines
870 3550 1036 3619 Generales
1064 3553 1195 3622 Provin-

226 3697 592 3782 sembritarum,
616 3699 695 3766 socii
721 3698 765 3766 Μ.
794 3698 975 3767 Britanniae
998 3717 1030 3768 et
1056 3700 1196 3792 Impera·

227 3846 523 3933 »tricis-Reginae,
546 3847 621 3914 Dux
641 3845 783 3914 Mutinae
799 3863 832 3913 et
847 3845 1044 3940 Respublica
1065 3847 1193 3916 Geuuac

229 3997 336 4064 »socii
348 3996 441 4082 Regis
455 3997 663 4088 Hispaniae.”
700 3996 802 4063 Porro
814 3995 1050 4082 agnoscebatur
1071 4019 1088 4062 tt
1101 3997 1193 4065 Sum·

229 4169 246 4208 a
260 4113 315 4212 nra
328 4142 532 4212 Providentia
550 4143 602 4210 bis
624 4144 774 4211 omnibus
797 4142 1003 4234 Principibus
1025 4145 1109 4212 viam
1125 4142 1196 4235 ape·
