2990 4966
791 543 832 604 66

330 751 455 819 tannim
474 747 609 826 Francia
631 744 761 814 foedera
780 759 875 836 pacta
894 761 1121 830 renovaretet,
1136 759 1296 836 quatenns

328 902 366 968 iis
396 914 608 992 praeceptum
632 910 728 978 esset,
753 891 953 960 Dnnilserlsae
972 891 1095 960 moenia
1121 890 1296 978 dejiceret,

325 1045 568 1116 Praetendentis
601 1045 739 1134 ejusque
768 1057 977 1132 posterorum
1013 1057 1119 1131 partes
1154 1037 1293 1133 amplius

323 1197 479 1264 sustinere
506 1193 683 1277 desineret,
706 1190 865 1277 navigatio
894 1208 926 1258 et
955 1206 1136 1257 mercatura
1161 1213 1196 1256 ea
1230 1213 1297 1280 qna

324 1363 396 1414 ante
405 1343 529 1412 bellum
543 1343 727 1411 conditione
740 1339 936 1428 gauderent,
956 1339 1093 1430 ipsaque
1107 1337 1295 1429 Hispaniam

323 1509 451 1580 urgeret
469 1493 510 1558 ad
528 1516 641 1583 pacem
663 1515 739 1558 cum
759 1488 874 1575 Anglia
898 1487 1158 1557 concludendam
1177 1485 1218 1554 ad
1232 1509 1296 1554 mo·

323 1641 404 1708 dum
426 1639 653 1725 Ultrajectinae
667 1656 699 1705 et
716 1639 936 1706 conventionis
957 1636 1130 1704 Pardensis
1143 1663 1172 1703 a.
1191 1637 1294 1721 1739,

324 1813 391 1880 qua
416 1789 511 1854 etiam
537 1788 758 1853 contineretur
789 1783 917 1870 eadem,
946 1810 1047 1877 quam
1079 1785 1216 1854 Francia
1242 1784 1294 1854 da-

322 1956 390 2023 ret,
408 1936 450 2004 de
469 1934 700 2003 Praetendente
718 1933 907 2002 declaratio:
932 1953 969 2002 ut
989 1935 1125 2003 Francia
1145 1937 1292 2004 Austriae

321 2089 541 2182 promitteret,
564 2111 597 2154 se
616 2085 725 2153 denuo
742 2086 949 2156 Sanctionem
968 2086 1198 2177 Pragmaticam
1217 2085 1294 2153 lide·
1328 2097 1330 2105 ⁴

317 2240 500 2324 jussuram,
533 2237 779 2327 conventionem
811 2259 888 2301 eum
921 2232 975 2300 illa
1007 2260 1035 2302 a.
1068 2234 1151 2302 1738
1174 2232 1293 2302 sactum

236 2431 245 2450 2
317 2401 528 2464 restauraret,
553 2407 636 2474 quae
663 2382 728 2448 hoe
752 2379 839 2448 bello
869 2382 1027 2472 cepisset,
1057 2377 1227 2464 redderet,
1255 2399 1288 2447 et

316 2532 550 2622 Imperatorem
576 2547 779 2615 agnosceret:
812 2526 853 2594 ad
884 2553 968 2620 quae
996 2529 1041 2595 ita
1070 2527 1224 2618 Hispania
1248 2546 1287 2595 ut

316 2678 449 2746 Francia
463 2701 508 2746 ¹se
534 2675 705 2764 obligaret:
729 2695 767 2744 ut
799 2677 944 2770 denique
970 2679 1039 2746 Rex
1065 2677 1229 2746 Sardiniae
1256 2696 1289 2746 et

320 2827 395 2895 Ilux
419 2827 561 2894 Mutinae
591 2828 626 2891 in
653 2827 762 2912 Regna
784 2851 840 2892 sua
866 2827 1111 2895 restituerentur
1136 2845 1168 2896 et
1188 2828 1287 2920 Resp.

318 2975 445 3042 Genuae
469 2975 698 3068 pacificatione
735 2975 1076 3066 comprehenderetur.
1137 2977 1290 3046 Animad-

317 3140 484 3190 verterunt
496 3121 677 3188 administri
696 3121 862 3208 Francici,
880 3122 981 3190 multa
999 3150 1017 3190 a
1030 3123 1167 3192 Francia
1179 3144 1289 3218 postu·

318 3269 393 3352 lari,
417 3291 500 3360 quae
528 3293 569 3334 ne
597 3266 755 3335 levissimo
778 3267 913 3360 quidem
938 3271 1109 3340 commodo
1138 3298 1288 3366 compen·

316 3435 480 3499 sanentur3
495 3417 557 3482 sibi
571 3417 670 3503 igitur
679 3419 893 3510 reposcebant
905 3419 1045 3487 insulam
1054 3421 1285 3513 Gap-Breton,

316 3589 418 3658 eaque
443 3565 505 3630 sub
529 3565 715 3634 conditione
738 3591 773 3635 se
799 3569 981 3659 provincias
1007 3587 1040 3636 et
1065 3570 1179 3655 nrbes,
1203 3593 1285 3661 quas

317 3722 353 3787 in
376 3717 483 3804 Belgio
508 3718 677 3786 Austriaco
705 3721 884 3810 cepissent,
904 3720 1089 3788 reddituros
1112 3738 1145 3788 et
1169 3719 1282 3788 foedus

337 3899 643 3912 α-ω-α-ω--σ--ῆ

314 4011 316 4022 ·
403 3979 493 4031 haberi
528 3993 681 4044 quacunque
715 3978 887 4042 obligatione,
916 3996 991 4044 quam
1016 3981 1117 4034 loedere
1140 3982 1287 4050 iliopoleose

400 4079 584 4132 contrarietate
602 4079 672 4143 quod
694 4077 806 4128 nondum
825 4079 857 4130 ab
883 4081 928 4132 illo
946 4067 1035 4146 'liegno
1056 4087 1111 4134 erat
1129 4087 1285 4134 resecatum.

401 4179 440 4226 Gi.
458 4193 560 4228 wreus.
579 4181 645 4233 xlx,
664 4195 691 4244 p.
710 4177 801 4242 iisq-
