2990 4966
668 544 708 611 77

202 753 238 818 in
260 743 416 820 concione
435 767 558 820 secreta
581 750 614 818 d.
641 756 683 820 30
709 777 751 818 m.
776 753 858 843 Apa.
879 755 1052 843 separatim
1070 757 1188 840 signao.
1248 756 1251 761 ’

202 919 336 971 verunt:
358 919 397 970 ut
414 895 531 966 deinde
550 901 662 967 ceteris
685 901 1171 993 offerrentur-comprobandae.

203 1012 294 1118 Unus
316 1049 464 1137 elegatis
486 1050 604 1140 Reip„
626 1049 683 1116 has
706 1042 769 1141 pro
786 1075 900 1136 magna
920 1069 1013 1144 parte
1035 1052 1175 1144 iniquio·

201 1223 251 1266 res
267 1223 333 1267 csse
354 1195 594 1266 conditionibus
608 1198 678 1284 jam
692 1195 817 1264 Bredae
833 1198 958 1266 statutis
980 1187 1171 1284 arbitratus,

204 1347 299 1436 sigilli
318 1346 507 1438 apponendi
526 1343 747 1452 difficultatem
765 1345 881 1414 movit:
907 1369 1013 1436 quum
1030 1369 1177 1414 vero-ur·

206 1513 293 1585 geret
309 1493 486 1562 admodum
505 1493 619 1561 Comes
635 1513 677 1559 nn
693 1512 882 1577 staunton,
902 1509 934 1559 et
947 1493 1192 1560 nuntiarentur

206 1645 325 1712 Franci
345 1643 469 1710 moenia
488 1643 605 1726 Bergae
630 1637 670 1706 ad
697 1639 822 1706 Zamam
842 1645 933 1707 intra
954 1641 1101 1708 triduum
1123 1641 1177 1708 de·

203 1793 344 1882 jecturi,
367 1808 400 1858 et
417 1789 633 1882 pactoetiam
653 1785 827 1855 adsentiret
851 1788 1008 1880 Princeps
1035 1789 1177 1856 Arausia·

210 1965 287 2025 eus,
310 1939 463 2007 obsistere
485 1935 590 2004 desiit.

251 2085 323 2153 Hoc
347 2085 419 2153 loco
447 2047 755 2168 animadverteram,
778 2105 896 2150 novam
912 2085 957 2149 „in”
974 2082 1029 2152 illo
1048 2083 1177 2153 foedere

208 2232 340 2326 praevio
366 2229 538 2300 condendo
566 2230 703 2296 sormam
733 2229 976 2322 diplomaticam
1004 2255 1071 2297 esse
1093 2231 1182 2300 adhir

208 2382 328 2467 bitam,
349 2405 415 2474 qua
430 2381 603 2478 evitaretur
619 2403 730 2471 pugna
749 2377 789 2446 de
803 2380 888 2466 jaare
902 2379 1179 2470 praecedentiae,

211 2529 304 2622 quod
330 2529 431 2614 Reges
458 2529 610 2595 Franciae
638 2545 670 2596 et
693 2527 737 2594 Μ.
763 2527 944 2595 Britanniae
974 2529 1037 2594 sibi
1061 2528 1181 2616 singuli

211 2676 423 2745 vindicarent.
468 2676 559 2742 Licet
574 2700 641 2742 non
661 2675 725 2740 nisi
746 2693 811 2742 tres
834 2693 939 2742 essent
964 2676 1181 2762 Paciscentes,
1205 2754 1212 2758 ,

212 2841 352 2916 quatuor
370 2821 516 2890 confecta
528 2839 605 2890 sunt
618 2823 831 2892 instrumenta
846 2821 1017 2909 originalia.
1047 2824 1181 2891 Duobus

212 2973 359 3063 primum
380 2969 489 3038 locum
510 2971 677 3038 obtinebat
703 2973 786 3039 Rex'
803 2972 970 3057 Franciae,
994 2971 1121 3051 duobus
1142 2973 1185 3040 al·
1209 3031 1212 3038 .

215 3119 291 3186 teris
316 3120 387 3185 Rex
417 3118 460 3186 Μ.
477 3119 691 3187 britanniaea
728 3119 787 3187 bos
818 3121 963 3208 signabat
983 3121 1111 3189 Comes
1141 3142 1183 3192 mr

214 3284 406 3351 sranwrcu,
429 3263 500 3332 illos
523 3284 566 3332 nn
585 3261 851 3336 sarar-surram.
896 3269 1043 3361 Uterque
1064 3269 1185 3356 legatus

214 3417 469 3482 instrumentum
486 3439 503 3480 a
524 3436 557 3480 se
576 3415 736 3500 signatum
750 3413 885 3482 alterum
903 3417 1083 3501 retinebat,
1105 3415 1186 3483 alte·

217 3585 293 3628 rum
316 3561 464 3628 tradebat
488 3559 595 3648 legatis
620 3543 799 3648 Ordinem,
823 3563 883 3655 qui
906 3561 973 3629 duo
995 3564 1187 3650 igituracci-
1209 3623 1221 3628 ,.

212 3709 346 3801 piabant
366 3707 545 3796 originalia,
563 3733 671 3801 neque
691 3709 769 3776 adeo
790 3711 871 3796 Regi
888 3689 1033 3777 alterutri
1054 3733 1185 3802 praece·
1250 3685 1254 3697 ’

214 3854 356 3922 dentiam
383 3856 615 3926 concedebant.
655 3857 919 3949 Quotiescunque
943 3855 1184 3924 conditionibus

216 4007 353 4098 praeviis
378 4005 536 4100 quaedam
555 4005 721 4074 accederet
744 4007 902 4092 Potestas,
925 4021 1065 4096 quatuor
1087 4003 1185 4072 eonfi-

215 4153 381 4221 ciebantur
408 4155 620 4222 instrumenta
655 4154 870 4246 exemplaria,
902 4155 1022 4244 quibus
1054 4153 1184 4240 singulis

1014 4251 1022 4276 .
