2990 4966
770 518 814 586 92

347 724 491 794 Artem
520 721 576 810 17,
605 722 660 806 19,
682 723 723 790 21
747 738 781 788 et
801 723 846 788 22
865 739 1092 809 argumentum
1120 709 1296 792 conditio·=

303 873 400 941 nibus
424 869 563 964 praeriis
581 870 651 957 jam
675 868 915 938 continebatur.

310 1067 312 1072 -
347 1017 401 1087 td
427 1027 534 1084 artum
559 1017 616 1104 17,
641 1017 701 1110 qui
728 1016 934 1086 Dnnilrerlsae
960 1035 1081 1086 statum
1105 1016 1277 1106 definiret,

302 1165 612 1250 animadvertamus,
635 1163 681 1232 Μ.
711 1163 895 1232 Britanniae
924 1189 1041 1256 parum
1070 1165 1275 1252 interfuisse,

301 1331 414 1383 utrum
436 1312 622 1380 liunikerks
640 1339 659 1380 a
677 1310 773 1380 latere
796 1311 944 1382 terrestri
966 1311 1093 1382 munite
1113 1333 1213 1402 esset,
1234 1338 1277 1384 sn

300 1486 386 1532 nont
408 1459 492 1528 illud
510 1485 587 1531 tero
610 1459 792 1530 concedens
812 1485 895 1531 vano
915 1460 1105 1550 indulgebat
1126 1483 1280 1533 sunone!

302 1611 360 1678 XV
387 1611 513 1696 animos
546 1611 672 1678 moenis
693 1626 800 1676 antem
828 1636 847 1676 s
874 1611 955 1676 mari
978 1610 1162 1698 dejiciendo
1185 1635 1278 1700 urge-

300 1759 358 1826 bat
387 1757 626 1842 vehementius,
652 1753 746 1848 quod
768 1755 909 1848 plurima
939 1755 1057 1825 exilio
1079 1775 1181 1850 portu
1210 1782 1272 1850 per

298 1901 421 1974 bellum
443 1903 641 1998 prodiissent
667 1905 810 1992 nsvigia,
835 1929 919 1998 quae
946 1923 1143 1976 mercaturae
1165 1905 1276 1996 angti·

301 2079 356 2124 ose
375 2052 467 2124 valde
489 2054 687 2122 nocuissent.

306 2256 309 2262 ,
343 2201 508 2273 Artiouius
532 2202 667 2295 quintus
690 2198 829 2268 foederis
852 2198 1078 2293 quadruplicis
1105 2225 1135 2269 a.
1165 2203 1272 2289 1718,

242 2377 248 2398 ’
298 2369 448 2445 spectans
476 2349 741 2418 constitutionem
763 2347 976 2416 successionis
1001 2347 1106 2434 Regni
1132 2347 1177 2415 M.
1205 2347 1273 2418 Bri·

298 2499 425 2568 tanniae
442 2493 485 2564 in
498 2495 634 2566 familiae
645 2497 808 2582 regnantis
821 2496 970 2583 gretiam,
992 2514 1025 2565 et
1046 2521 1114 2588 qno
1134 2515 1275 2565 cautum·

299 2665 368 2716 erat
393 2647 436 2714 de
456 2669 630 2738 pesona,
660 2669 747 2736 queue
773 2647 910 2712 titulum
936 2657 1142 2714 assumeret
1167 2645 1274 2739 Regis

299 2792 346 2864 111.
369 2795 588 2881 Britcnutire,
613 2795 748 2885 qusque
769 2799 919 2885 posteris
949 2799 1124 2886 utriusque
1152 2819 1271 2883 setus,

297 2967 447 3038 expresse
463 2943 629 3036 repetitur
653 2960 686 3011 et
702 2941 913 3010 confirmatur
932 2953 1001 3010 art⁰
1020 2946 1076 3031 19,
1099 2962 1133 3014 et
1147 2956 1218 3014 arr
1231 2949 1276 3016 20

297 3091 366 3158 Rex
379 3091 425 3160 tt.
438 3091 621 3160 Britanniae
642 3109 801 3184 tanquam
815 3090 945 3160 Elector
963 3093 1271 3163 Brunsvieo-Lnne

222 3299 235 3318 ,
296 3238 434 3326 bu'rgius
455 3239 681 3332 pacificatione
709 3239 946 3332 comprehendi
971 3240 1105 3311 dicitur.

305 3444 314 3466 .
341 3387 422 3456 Ars
440 3390 487 3455 21*
506 3387 673 3482 Principes
694 3387 911 3474 Paciscentes,
935 3388 1049 3481 quise
1069 3389 1275 3460 Sanctionem

298 3537 532 3624 Pragmaticsnr
550 3541 577 3604 ai
593 3538 676 3608 1713
690 3536 901 3626 fidejussuros
921 3561 988 3606 esse
1006 3538 1270 3635 spoponderant,

168 3723 171 3729 ι
298 3684 383 3753 illud
411 3701 586 3770 renovant,
618 3687 814 3779 excipientes
843 3706 973 3760 tantum
1001 3713 1084 3780 quae
1111 3689 1182 3781 ipse
1212 3689 1274 3758 lm·

298 3852 429 3926 perator
466 3853 612 3902 canotus
649 3834 694 3900 vl
723 3851 758 3900 et
792 3834 1130 3926 Imperetur-Regius
1166 3856 1273 3906 utun

300 4001 461 4050 rnunrsu
493 3999 678 4069 cesserant,
716 4005 800 4078 quse
829 3980 865 4050 in
896 3981 961 4050 hoe
995 3982 1127 4052 foedere
1155 4007 1273 4052 memo

297 4145 422 4196 rantur·
