2990 4966
654 541 693 606 61

189 745 384 838 priusquam
417 743 584 834 dicamus,
627 741 805 835 aliqnando
841 742 935 813 altius
970 747 1163 839 repetenda3

182 918 269 986 quae
297 895 367 981 jam
401 891 444 964 ad
477 913 592 986 pacem
625 890 869 960 restaurandam
904 895 947 960 ab
982 893 1162 964 Ordinibus

183 1032 393 1110 Generalibua
413 1041 588 1136 praecipue
610 1059 696 1126 gesta
717 1041 794 1109 sint.

233 1189 320 1258 (lum
343 1189 479 1260 Francia
502 1188 639 1276 Reginae
661 1189 846 1278 llungariae‘
854 1189 977 1258 bellum
987 1192 1163 1279 indiceret,

185 1337 326 1408 Ordines
361 1336 600 1424 intelligebant,
633 1337 725 1406 brevi
753 1336 976 1405 invadendum
1002 1339 1070 1408 fore
1099 1339 1167 1410 Bel·

190 1489 282 1575 gium
316 1487 543 1574 lunianum,
576 1483 668 1580 quod
703 1485 914 1578 Reipublicae
938 1511 1013 1554 suae
1043 1509 1167 1581 propu-

185 1631 363 1722 gnaculum
395 1633 574 1718 haberem,
598 1635 775 1726 'cujusque
812 1631 955 1726 plurima
977 1635 1102 1702 moenia
1122 1660 1167 1704 se·

185 1782 336 1852 cundum
366 1782 480 1852 suedos
515 1780 767 1870 Ultrajectinum
799 1801 831 1850 at
861 1781 975 1850 foedus
1002 1758 1167 1877 peculiare

183 1937 264 2003 cuni
292 1933 423 2004 Austria
454 1932 531 2000 anni
557 1934 639 2000 1715
663 1932 825 2024 praesidio
849 1949 1006 2001 tenerent.
1051 1933 1166 2026 Itaque

187 2085 224 2150 in
256 2081 435 2150 discrimen
463 2077 601 2150 adducti
630 2098 727 2166 eunt,
750 2079 918 2148 Franciam
944 2083 1006 2148 eibi
1031 2083 1168 2150 amicam

191 2253 379 2300 conservare
411 2245 445 2300 et
471 2225 570 2294 aimnl
604 2224 890 2319 propugnaculum
918 2225 999 2292 illud
1028 2227 1167 2296 retinere
1270 2253 1272 2257 ’

191 2379 370 2480 cupientes.
397 2395 399 2400 '
417 2373 556 2448 Mediana
589 2331 736 2442 inierunt
764 2375 847 2442 viam
865 2374 1053 2468 Regemque
1072 2375 1170 2443 Fran·

186 2526 252 2595 aiae
284 2527 490 2619 petiverunt,
513 2540 552 2592 ut
576 2549 653 2592 cum
673 2524 751 2616 ipsis
777 2541 882 2609 ageret
905 2523 947 2592 de
969 2549 1050 2618 pace
1076 2525 1165 2594 resti·

187 2673 310 2742 tuenda
332 2673 496 2760 universa,
520 2697 588 2764 qna
609 2695 646 2738 re
668 2689 700 2739 et
720 2672 871 2739 omnibus
893 2689 926 2740 et
945 2673 1008 2740 eibi
1028 2675 1165 2740 maxime

188 2819 397 2891 consulerent
436 2819 500 2913 (1).
559 2818 657 2887 llunc
694 2817 736 2886 ad
778 2817 878 2885 finem
912 2821 948 2885 in
986 2821 1165 2890 exercitam

185 2970 279 3056 Regia
315 2967 455 3056 legatum
495 2965 656 3042 miserant
692 2966 847 3035 Comitem
886 2965 930 3034 de
957 2985 1167 3036 wlssmln·

192 3135 376 3187 twmuo.

231 3267 356 3338 Interea
394 3265 506 3356 copiae
539 3262 714 3331 Francicae
752 3261 975 3357 procedebant
1010 3281 1042 3332 et
1068 3263 1167 3330 urbes

192 3412 433 3508 propugnaculi
460 3413 748 3500 aggrediebantur,
772 3410 864 3506 quod
890 3411 1011 3480 frustra
1034 3429 1168 3480 conatus

188 3583 238 3634 eat
272 3561 433 3657 impedire
464 3559 641 3634 ¹Ontlinum
686 3559 820 3647 legatus.
886 3559 1072 3628 Lcnovaccs
1109 3559 1168 3624 XV

191 3736 308 3804 pacem
334 3709 515 3779 desiderare
548 3731 618 3782 non
648 3707 838 3776 videbatur:
868 3706 1103 3800 profitebatur,
1131 3725 1166 3772 se

188 3886 257 3932 non
281 3885 346 3954 pro
378 3883 492 3928 aesna
518 3857 657 3946 hilare,
680 3855 757 3942 sed,
780 3858 807 3924 ai
828 3856 1000 3949 pacificare
1027 3851 1162 3938 vellent,

208 4186 248 4254 (1)
283 4184 373 4238 Batoi.
395 4183 490 4235 Gener.
508 4185 542 4233 26
560 4185 626 4248 Apa.
649 4181 723 4234 174⁴.
