2990 4966
612 503 713 618 Ι65

211 759 394 843 effecerint,
407 773 446 826 'ut
463 759 596 824 urbium
616 775 785 850 captarum
799 761 939 844 moenia,
959 782 1042 850 quae
1061 761 1177 844 Franci

211 919 352 980 evertere
371 910 568 1001 coepissent,
592 907 627 973 in
647 903 734 976 statu
747 910 906 1000 praesenti
925 928 1107 995 manerent,
1125 935 1177 977 ne

211 1081 277 1150 que
294 1055 417 1124 bellum
436 1058 472 1122 in
494 1057 590 1147 Reip.
611 1057 807 1123 territorium
830 1055 1059 1124 translaturum
1077 1077 1174 1143 esset,

207 1203 266 1273 aed
288 1229 338 1272 res
360 1207 431 1298 ipsa
453 1203 494 1272 de
516 1227 598 1297 paee
620 1203 844 1295 componenda
863 1229 982 1296 parum
1008 1208 1174 1296 prooessit.

209 1347 294 1422 Cum
324 1351 460 1456 Qrdines
489 1375 713 1440 congressum,
744 1349 873 1444 qualem
899 1351 1044 1418 Francia
1061 1375 1179 1444 propo-

209 1501 342 1587 suisset,
365 1493 496 1566 irritunt
516 1499 585 1566 fore
602 1501 853 1584 arbitrarentur,
869 1499 939 1566 *nisi
959 1509 1063 1567 certae
1084 1523 1180 1591 quae·

211 1647 287 1716 dum¹
309 1667 402 1717 autea
423 1647 622 1717 conditiones
643 1651 749 1715 ¹essent
774 1649 985 1730 constitutae,¹
1004 1672 1088 1740 quae
1107 1647 1180 1714 fun·

209 1789 362 1868 (lamento
371 1819 476 1869 essent
484 1795 766 1888 negotiationibus,
777 1798 818 1866 de
830 1799 893 1866 illis
903 1801 1099 1893 praecipuus
1111 1823 1176 1867 ser·

212 1943 266 2017 mo
288 1967 364 2016 erat.
393 1947 521 2042 ·'Neque
552 1950 637 2015 inter
663 1947 781 2034 legatos
808 1965 939 2016 tantum
968 1948 1120 2016 Franciae
1147 1966 1179 2014 et

212 2091 376 2164 ordinum
392 2097 611 2182 agitabantur,
634 2095 691 2162 sed
705 2095 741 2161 hi
755 2097 902 2162 omnium
915 2093 1181 2162 deliberationum

212 2245 331 2329 socios,
354 2261 386 2310 et
415 2241 562 2330 Angliam
577 2246 659 2310 ‘ante
684 2265 813 2327 omnes,
829 2243 990 2310 'certiores
1009 2241 1187 2330 faciebant,

241 2425 248 2448 ε
258 2389 416 2477 Ordines,
439 2391 691 2479 negotiationum
710 2389 919 2458 fundamento
936 2391 1042 2482 posito
1061 2389 1184 2481 prinoi-

211 2541 297 2634 pali,
319 2543 507 2627 Franoiam,
531 2560 569 2609 ut
592 2543 664 2632 ipsa
682 2542 753 2628 jam
779 2541 906 2632 saepius
928 2538 1071 2632 professa
1092 2555 1178 2623 erat,

213 2691 277 2758 sibi
304 2689 388 2755 nibil
417 2707 544 2780 petere,
579 2690 659 2757 baec
694 2691 816 2780 pacisci
848 2689 1043 2780 cupiebant:
1079 2708 1116 2755 ut
1145 2691 1182 2754 in

212 2839 313 2930 Reip.
335 2837 467 2923 gratiam
487 2835 614 2904 foedera
627 2837 754 2928 priora,
771 2834 1025 2922 Ultrajeotiuum
1044 2833 1182 2926 et'quod
1201 2829 1205 2834 ’

212 3003 241 3053 a.
269 2986 351 3054 1717
370 3003 506 3077 paetum
531 3003 631 3070 esset,
661 3003 812 3052 renovata
837 2984 1127 3070 confirmarentur,
1151 3003 1184 3052 et

214 3133 327 3204 foedus
349 3137 577 3203 mercatoriam
596 3161 624 3202 a.
645 3134 726 3204 1739
740 3135 982 3216 restitueretur,
1003 3131 1073 3200 looa
1090 3149 1184 3224 eapte

212 3287 250 3352 in
275 3283 451 3377 provinciis
480 3281 810 3368 Attstriaoorllelgiois'
834 3281 1065 3366 redderentur,
1098 3280 1186 3348 deniss

216 3457 282 3525 que
294 3433 447 3526 Hispania
461 3429 655 3516 declararet,
674 3455 707 3497 se
723 3433 974 3518 navigationem,
991 3455 1075 3523 quae
1088 3431 1180 3524 Beip.

216 3582 340 3650 civibus
375 3577 558 3648 foederibus
593 3598 674 3647 esset
704 3579 858 3647 eoncessa'
884 3581 920 3645 in
956 3579 1064 3646 indias
1097 3579 1185 3647 0οοί-

216 3727 376 3818 dentales,
399 3755 468 3799 non
483 3729 716 3824 impedituram
736 3730 804 3820 (l):
829 3749 866 3798 ut
888 3733 1040 3824 'respectu
1058 3731 1101 3798 Μ.
1116 3731 1184 3796 Βνῐέ

232 3993 274 4056 (l)
292 3991 377 4082 'llario
393 3993 590 4047 declarationem
609 3997 667 4048 ideo
686 3997 824 4063 petebant.
843 3995 912 4060 quad
936 4012 960 4047 a.
984 3994 1046 4046 17³1
1068 3993 1192 4046 floralia

309 4107 342 4141 n
359 4107 523 4157 astruam,
542 4097 641 4160 legatur
666 4097 741 4160 Regia
761 4097 910 4158 Hispaniae,
929 4093 1064 4152 Branoiaa.
1085 4095 1192 4158 Angliaa

306 4188 478 4254 ordinumque
500 4193 654 4244 administri·
674 4195 853 4257 significasset,
876 4192 1017 4259 Hispaniam
1036 4207 1063 4242 ao
1081 4193 1188 4243 aolutam
