2990 4966
785 505 826 570 38

322 711 435 784 ioedns
460 711 680 780 vormatiense
704 712 859 798 injecerat
889 711 1100 782 confirmatus
1127 732 1187 784 est.
1231 715 1299 786 Sci·

323 879 413 931 teret
437 861 525 930 enim
548 857 603 926 illa
624 883 685 952 per
705 858 847 947 legatum
868 882 964 928 suum
985 859 1294 947 lingue-Comitum.

324 1009 367 1077 Bt
396 1031 593 1100 magnopere
626 1009 708 1076 istae·
734 1007 935 1101 suspiciones
962 1007 1005 1074 ali
1035 1009 1237 1100 potuissent,
1268 1011 1297 1076 si

326 1155 374 1227 illi
389 1158 488 1226 etium
505 1158 698 1228 innotuisset
711 1176 863 1252 paetum,
877 1158 969 1251 quod
979 1157 1092 1226 Bossia
1104 1177 1136 1228 et
1146 1158 1297 1244 Polonia‚

323 1309 441 1396 majori
457 1332 532 1378 vero
550 1307 714 1396 diligentia
734 1307 893 1394 celatum,
914 1307 949 1376 d.
965 1313 986 1378 4
1000 1331 1044 1376 m.
1056 1308 1151 1376 Febr.
1165 1335 1193 1376 a.
1213 1311 1295 1378 1744

295 1471 307 1487 “
326 1455 492 1550 Petropoli
509 1459 652 1526 inissent.
682 1455 751 1524 lloe
769 1423 878 1525 antem
897 1455 1010 1524 foedus
1023 1457 1061 1526 ai.
1077 1457 1160 1528 1733
1173 1457 1241 1525 iere
1254 1475 1300 1525 to·

322 1623 394 1672 tum
419 1604 692 1688 eonfirmsbstur‚
714 1601 773 1670 sed
798 1584 934 1696 insulier
956 1605 1126 1690 convenit,
1150 1623 1188 1674 ut
1210 1607 1297 1674 auxi·

323 1749 416 1818 liures
444 1751 557 1842 copiae
583 1768 842 1819 sustentarentur
864 1751 1026 1819 sumtibus
1051 1752 1121 1838 ejus
1143 1752 1200 1818 abs
1228 1775 1297 1843 quo

317 1915 529 1990 peterentur,
565 1915 599 1966 et
638 1917 677 1966 nt
712 1898 828 1967 soedus
862 1924 923 1993 per
961 1897 1158 1992 quindeoem
1194 1925 1296 1969 annos

321 2046 464 2115 duraret.
560 2087 563 2093 ·

365 2195 467 2265 Multa
497 2197 539 2264 ab
567 2198 660 2264 initio
684 2197 761 2262 anni
794 2195 877 2266 1744
903 2193 1054 2262 hostilem
1077 2195 1236 2262 Braueise
1260 2196 1295 2260 in

322 2343 367 2412 Μ.
383 2345 582 2414 Britanniam
599 2345 744 2412 animum
757 2341 982 2412 ostendebant.
1027 2341 1295 2424 interraneis,

319 2493 516 2580 intelligens,
540 2493 676 2578 Reginae
699 2492 897 2578 ilungariee,
919 2491 947 2555 si
971 2506 1023 2557 tot
1049 2506 1222 2580 tantosque
1248 2511 1297 2554 so-

319 2642 384 2710 eios
419 2659 581 2726 servaret,
615 2641 803 2733 quiescente
837 2639 1135 2726 RegelBorussiue,
1168 2635 1296 2706 nullum

318 2811 413 2882 posse
439 2790 608 2874 resistere,
631 2786 805 2880 multiplex
825 2789 900 2858 iniit
920 2786 1111 2873 consilium,
1134 2807 1172 2856 ut
1191 2787 1296 2881 impe-

318 2956 405 3006 rator
432 2961 494 3029 ope
524 2936 691 3003 Borussiae
719 2935 844 3004 bellum
871 2937 906 3002 in
930 2935 1082 3004 Bohemia
1105 2953 1292 3015 renovaret,

317 3103 356 3152 ut
380 3084 450 3150 Bes
478 3083 523 3150 Μ.
554 3083 738 3158 Britanniae
764 3085 924 3151 intestinis
949 3086 1215 3152 contentionibus
1241 3108 1295 3152 oo·

324 3248 501 3324 superetur
529 3247 563 3300 et
589 3230 696 3322 copias
724 3253 837 3297 suase
866 3230 974 3317 Belgio
999 3255 1148 3300 revocare
1171 3255 1296 3317 eogere-
1387 3255 1398 3262 ··

320 3397 394 3463 tur,
417 3395 456 3446 ut
477 3401 580 3470 porro
602 3380 713 3470 ipsum
734 3376 880 3464 Belgium
903 3378 1063 3447 Franeieo
1088 3379 1232 3448 exercitu
1246 3380 1294 3444 in·

322 3525 513 3612 raderetur,
550 3529 660 3619 itaque
693 3525 832 3596 Ordines
868 3526 1055 3613 Generales,
1086 3551 1157 3620 qno
1184 3529 1293 3594 minus

320 3675 458 3764 Reginae
480 3674 660 3764 liungsriae
682 3676 799 3744 auxilia
826 3678 1011 3762 mitterent,
1043 3674 1292 3768 impedirentur.

323 3821 365 3892 Bt
396 3825 542 3914 primum
578 3821 716 3917 quidem
753 3825 903 3894 excitavit
931 3842 1087 3894 ciuntur!
1112 3843 1294 3894 roriston

320 3990 466 4057 srutltr,
490 3971 751 4043 Praetendens
775 3973 826 4062 (ut
855 3975 1004 4066 vocatur)
1032 3973 1155 4060 filium,
1179 3993 1217 4044 ut
1241 3999 1292 4042 ex·

314 4122 516 4190 seensionem
537 4121 657 4192 laceret
677 4124 712 4189 in
729 4120 894 4210 leghem,
916 4122 1012 4192 simul
1030 4124 1128 4192 clssse
1139 4143 1171 4192 et
1192 4125 1293 4216 copiis
