2990 4966
723 536 760 599 17

288 737 422 804 Francia
460 735 599 806 dilectori
638 739 785 810 &variae
827 741 1005 810 exercitum
1045 745 1214 835 praebebit

246 889 352 958 12000
381 887 533 979 peditum
565 906 598 956 et
632 892 721 960 4000
751 891 919 982 equitum,
949 893 1089 984 quibus,
1117 892 1213 958 simul

241 1051 339 1126 atque
373 1036 408 1101 in
443 1036 609 1106 Bovarium
652 1036 868 1122 advenerint,
913 1039 1075 1132 stipendia
1115 1039 1215 1109 solvet

243 1181 382 1251 Elector.

261 1334 353 1400 -llcx
380 1333 532 1401 Franciac
566 1335 767 1424 comparabit
794 1335 973 1403 exercitum
999 1337 1106 1406 14000
1126 1335 1216 1428 pedi·

243 1500 313 1549 tum
344 1499 378 1550 et
411 1486 499 1552 6000
524 1483 697 1574 equitum,
730 1483 791 1574 qni
819 1480 935 1550 iisdem
972 1482 1213 1551 conditionibus

246 1633 388 1703 Electori
412 1634 684 1727 praestabuntur,
706 1633 734 1699 si
756 1631 818 1700 illis
842 1656 926 1725 opus
948 1656 1015 1700 esse
1036 1631 1211 1701 videbitur.

288 1780 442 1849 Articulis
460 1781 612 1874 separatis
626 1781 745 1868 Regem
756 1780 910 1848 Franciae
930 1779 1113 1873 pollicitum
1126 1803 1209 1864 esse,

243 1931 357 2018 ajunt,
380 1952 414 1999 se
442 1933 552 2000 60000
578 1926 718 1995 militum
744 1945 832 1994 trans
860 1928 1012 1994 Rhenum
1038 1930 1212 1995 missurum

243 2077 284 2144 ad
311 2074 494 2166 urgendum
519 2075 710 2144 electionem
731 2075 884 2146 lllectoris
910 2077 1057 2145 Bavariae
1083 2076 1125 2144 ad
1152 2077 1214 2142 Im·-

249 2226 378 2316 perium
399 2224 627 2292 Germanicum
651 2221 792 2316 (quippe
816 2225 875 2316 qui
901 2221 1089 2311 dignitatem
1111 2223 1214 2314 Impe-

246 2373 396 2442 ratoriani
408 2372 608 2465 appeteret),
629 2394 729 2466 seque
743 2370 882 2440 Electori
895 2371 1047 2462 pecunias
1061 2371 1215 2438 daturum

247 2535 393 2610 mutuas3
422 2522 541 2608 Regem
565 2545 667 2612 porro
686 2538 821 2614 pactum
842 2543 927 2606 esse,
951 2537 989 2587 ut
1010 2521 1052 2586 ah
1072 2519 1214 2611 Imperio

247 2671 407 2762 reciperet
433 2694 468 2736 ea
495 2690 579 2762 quac
605 2669 641 2734 in
665 2665 789 2734 bellum
809 2665 1031 2758 impenderet,
1054 2684 1103 2750 et,
1126 2669 1153 2732 si
1177 2668 1213 2732 in

247 2816 391 2904 Belgium
405 2841 490 2883 arma
503 2833 658 2900 verteret,
672 2816 778 2882 omnia
793 2839 875 2907 quae
887 2815 935 2882 ibi
948 2833 1163 2906 expugnaret,
1177 2818 1214 2882 in'

243 2981 399 3057 potestate
425 2987 483 3030 sua
506 2962 676 3046 retinerem
703 2959 865 3056 deniqne,-
895 2964 1019 3050 Regem
1044 2963 1215 3056 Hispaniae

129 3155 137 3182 ι
245 3112 385 3182 Electori
406 3111 590 3180 subsidium
607 3112 792 3205 promisisse
813 3129 1019 3180 menstruum
1036 3113 1143 3182 12000
1163 3137 1214 3178 eu-

242 3285 374 3330 reorum
394 3262 573 3355 (piostres)
594 3261 635 3330 ad
653 3249 855 3331 sustinendos
884 3266 989 3336 12000
1005 3263 1122 3332 milites
1146 3265 1160 3354 (
1183 3267 1208 3355 ).

234 3397 236 3400 ⁵
288 3379 426 3478 Addunt
451 3409 522 3497 alii,
554 3410 707 3480 Franciae
737 3413 862 3500 Regem
886 3414 983 3481 etiam
1008 3415 1211 3507 promisisse,

242 3581 276 3622 se
296 3549 506 3639 effecturum,
542 3575 581 3625 ut
608 3557 738 3627 Elector
761 3558 929 3646 Bovariae,
963 3563 1144 3656 Imperator
1168 3563 1211 3630 ta-

182 3710 189 3722 '
244 3713 335 3792 ctus,
357 3705 421 3774 hoc
441 3704 538 3774 titulo
557 3725 797 3796 agnosceretur3
822 3707 1004 3779 Electorem
1024 3730 1153 3794 contra,
1175 3735 1209 3777 se

238 3875 424 3944 numquam
454 3871 655 3923 tentaturum
694 3856 790 3922 urbes
827 3875 860 3924 et
891 3858 1053 3942 regiones,
1087 3857 1208 3950 quibus

252 4032 582 4050 -ῡ--ιι--ι

274 4153 313 4218 (l)
331 4153 387 4204 vid,
407 4156 517 4217 scates,
535 4157 582 4222 op.
603 4157 620 4204 l.
