2990 4966
743 524 785 591 44

278 753 316 798 oo
335 725 580 796 similitudinem
598 728 774 822 quamdam
786 729 925 799 babebat
934 741 1075 823 poclum
1088 716 1251 800 secretiori

280 901 395 948 novem
412 876 554 946 articulis
575 878 869 972 comprehensum,
892 850 1016 972 dieque
1033 881 1074 948 27
1096 905 1140 950 m.
1155 879 1244 968 tut,

280 1049 347 1094 non
367 1027 452 1092 inter
470 1050 580 1092 omnes
601 1025 777 1094 foederatos
798 1026 1083 1115 Francolurtinos,
1104 1025 1160 1094 sed
1178 1046 1245 1095 tan·

278 1191 350 1241 tum
374 1173 461 1242 inter
483 1174 715 1267 Imperatorem
729 1192 762 1242 et
774 1174 892 1262 Regem
911 1175 1095 1262 borussiae,
1117 1198 1246 1268 compo-

278 1323 397 1410 situm,
420 1324 543 1415 quibus
570 1322 683 1392 eodem
705 1322 759 1392 dic
781 1323 914 1394 Francia
938 1325 1091 1413 accessit,
1112 1324 1177 1394 hoc
1200 1349 1246 1391 rr·

278 1489 433 1558 gumento
455 1472 525 1562 (l)=

322 1621 391 1686 Rex
405 1619 570 1686 borussiae
588 1618 775 1686 Bohemiarn
792 1642 856 1711 pro
872 1620 1071 1711 Imperatore
1086 1645 1248 1711 expugna·

278 1769 347 1852 bit,
369 1769 466 1858 eique
491 1768 732 1834 successoribus
759 1784 792 1834 et
821 1764 995 1834 heredibus
1022 1768 1056 1832 in
1077 1766 1245 1835 infinitum

278 1915 484 2004 fidejubebit.
528 1915 605 1984 Art.
633 1918 659 1984 l.

325 2066 507 2158 Imperator
535 2063 629 2133 cedet
648 2064 725 2152 Regi
747 2064 913 2132 borussiae
932 2065 1009 2151 jura
1032 2087 1089 2130 sua
1112 2064 1148 2130 in
1173 2061 1247 2132 Sile·

280 2216 380 2300 siarn,
404 2239 488 2308 quae
510 2231 695 2306 supererat,
719 2213 921 2280 bustriaoem
943 2229 976 2278 et
997 2230 1124 2304 partem
1145 2210 1247 2278 Bobe-

279 2364 359 2430 miae
387 2361 581 2454 quamdam,
606 2385 685 2454 quos
708 2361 754 2427 illi
780 2360 976 2447 fidejubebit
997 2360 1111 2428 codem
1135 2360 1244 2431 modo·

278 2510 369 2576 Aret.
392 2511 523 2578 2013.

324 2658 495 2742 Bobemia,
519 2660 570 2726 uti
597 2660 638 2725 ab
656 2637 860 2750 ¹Imperatore
881 2657 1120 2751 possidebitur,
1143 2683 1248 2727 mane—

277 2811 327 2878 bit
348 2811 480 2896 integra.
525 2809 601 2876 Art.
625 2812 656 2875 4.

324 2959 392 3040 Rex
432 2958 599 3024 Borussiae
628 2957 820 3047 imperatori
854 2954 1050 3042 fidejubebit
1087 2956 1251 3024 Austriaua

280 3103 506 3195 Superiorem,
530 3101 628 3168 simul
653 3127 690 3168 ac
714 3104 848 3169 subacta
868 3103 941 3168 crit.
985 3103 1061 3170 Art.
1084 3107 1117 3172 5.
1217 3176 1221 3182 ,

323 3251 392 3316 Rex
416 3249 583 3316 Borussiae
607 3245 796 3332 religionem
816 3244 1017 3314 catholicam
1044 3247 1190 3314 tuebitur
1212 3250 1249 3314 in

281 3399 483 3485 regionibus,
508 3422 591 3488 quac
617 3395 665 3464 illi
689 3395 856 3464 cedentur.
901 3397 978 3463 Ara
1002 3398 1033 3464 6.

326 3546 566 3614 Commercium
593 3547 677 3614 inter
704 3548 845 3634 regiones
870 3569 969 3614 cessas
999 3562 1032 3612 et
1064 3542 1249 3610 Boherniam

282 3673 423 3764 liberum
456 3694 620 3778 manebit,
652 3712 684 3762 et
711 3693 820 3762 eadem
847 3719 913 3786 qua
939 3716 1031 3760 nnnc
1061 3689 1247 3760 conditione

279 3845 441 3930 gaudebit.
484 3841 560 3911 Are.
585 3843 605 3910 7

296 4166 336 4230 (Ι)
372 4167 452 4216 Etiam
472 4164 564 4228 legitur
583 4163 648 4230 apud
677 4164 783 4220 rcrbea,
804 4161 823 4211 l.
843 4161 862 4212 Ι.
881 4176 907 4227 p.
926 4161 977 4210 349
993 4177 1050 4224 sqq.
