2990 4966
769 464 788 525 6

296 697 312 738 a
328 690 474 765 tempore
498 673 611 740 mortis
642 671 841 762 possideret,
864 670 1087 756 Regnorum.’'
1135 669 1265 739 Curavit
1300 730 1305 740 ,

298 817 417 887 deinde
435 820 540 904 hane,
562 822 776 904 minoratur,
798 817 1008 886 Sanctionem
1021 815 1272 909 Progmolioom

297 971 338 1044 ab
357 969 527 1038 ordinibus
542 971 711 1058 regionum
729 969 971 1037 dustriacarnm
988 969 1272 1054 hereditariarnm,

297 1135 330 1184 et
353 1120 393 1184 ab
417 1118 495 1209 ipsis
517 1136 650 1186 sosnrm
670 1116 796 1184 filiabus
818 1141 995 1209 earumque
1015 1119 1153 1203 maritis,
1170 1115 1269 1185 Elec-

301 1265 425 1332 toribns
449 1264 602 1333 Saxoniae
622 1283 655 1333 et
676 1265 842 1351 bavariae,
864 1263 1104 1354 agnoscendum
1123 1283 1156 1333 et
1176 1289 1270 1334 com-

301 1413 520 1506 probandum.
572 1414 713 1483 Multum
736 1439 813 1483 vero
840 1413 956 1484 laboris
984 1433 1016 1483 et
1041 1419 1194 1510 temporis
1216 1419 1273 1484 im·

301 1564 419 1657 pendit
448 1564 490 1630 ad
517 1563 649 1650 singolis
675 1565 824 1656 Europae
846 1565 1061 1658 principibus,
1080 1563 1276 1656 persuaden-

301 1709 402 1795 dum,
425 1727 463 1777 ut
492 1733 526 1776 se
554 1709 595 1776 ad
622 1709 868 1797 fidejubendam
899 1712 1106 1780 Sanctionem
1132 1715 1275 1799 Pragma-

299 1860 397 1926 ticam
410 1856 608 1944 obligarent:
634 1858 860 1952 quodcunque
881 1877 988 1927 antem
1006 1861 1106 1927 iniret
1122 1878 1272 1952 pactum,

301 2005 390 2074 illam
418 2007 661 2095 fidejussionem
692 2026 859 2102 tamquam
893 2007 1110 2076 conditionem
1141 2008 1278 2096 adjungi

301 2155 414 2226 voluit.
462 2153 556 2242 Quod
577 2180 654 2227 oum
674 2156 837 2226 nonnanis
859 2156 1127 2243 negotiationibus
1148 2173 1181 2226 et
1202 2164 1275 2222 'eon-

305 2306 501 2376 cessionibus
527 2327 637 2376 ansnm
664 2305 852 2395 praeberet,
880 2305 917 2383 in
943 2327 1015 2374 rem
1039 2326 1130 2374 suam
1152 2321 1277 2374 vertere

302 2453 425 2546 optime
446 2453 614 2524 sciverunt
630 2453 755 2523 externi
777 2451 964 2544 Principes,
988 2474 1051 2543 pro
1071 2451 1161 2521 nude
1180 2475 1278 2544 spon·

302 2601 391 2668 sione
412 2618 499 2672 eerta
519 2601 584 2672 sibi
602 2600 771 2674 commoda
789 2577 948 2692 stipulati.
994 2601 1208 2674 deotaterunt
1223 2603 1279 2674 do

301 2749 415 2842 inceps
433 2747 623 2841 Hispania,
646 2761 709 2820 art⁰
725 2751 782 2824 ’1.2.
810 2747 946 2822 foederis
966 2749 1155 2822 Viennensis
1174 2749 1209 2820 d.
1233 2755 1276 2824 25
1313 2846 1317 2854 .

302 2923 348 2968 na
379 2900 460 2990 Ape.
489 2926 517 2966 a.
544 2899 650 2984 1725,
683 2898 810 2972 Rosia
837 2897 884 2970 illi
906 2897 1039 2970 ‘foederi
1068 2897 1278 2994 adhaerendo

300 3065 399 3139 pecto
425 3045 459 3112 d.
490 3050 510 3114 6
538 3073 580 3112 m.
604 3048 686 3132 Aug.
710 3073 739 3114 a.
768 3050 874 3132 1726,
902 3049 1041 3133 iterum,
1075 3049 1276 3140 Imperatore

303 3195 494 3286 eoncedente
515 3195 638 3266 foederi
661 3197 747 3268 inter
770 3199 875 3290 ipsam
895 3216 927 3269 ot
952 3197 1105 3268 Sneoirm
1132 3200 1218 3288 icto,
1245 3218 1279 3268 et

304 3345 429 3431 denuo,
465 3369 531 3413 nna
555 3371 633 3416 eom
656 3343 774 3421 Dorio
796 3345 928 3420 sordere
950 3347 1149 3420 Codanionso
1175 3348 1209 3416 d.
1234 3351 1279 3418 26

306 3517 351 3564 m.
373 3493 450 3582 Maji
471 3519 499 3560 a.
521 3497 603 3566 1732
614 3525 627 3582 ς·
646 3493 782 3568 Eleotor
800 3496 972 3569 Rornae
991 3501 1123 3585 agnovit
1140 3499 1283 3570 Sanctio-

308 3666 386 3714 nem
410 3643 642 3730 Pragmatioam
670 3645 800 3717 foedere
831 3647 917 3716 inter
946 3645 1075 3738 ipsum,
1096 3645 1282 3716 dilectorem

309 3791 466 3862 Coloniae
496 3811 531 3864 et
566 3792 797 3884 Imperatorem
825 3793 979 3866 ooneluro
1006 3794 1040 3863 d.
1070 3800 1084 3865 l
1115 3821 1160 3865 m.
1189 3797 1279 3889 Sept.

306 3967 334 4008 a.
369 3941 474 4027 1726,
507 3959 540 4010 et
571 3965 682 4014 rurant
716 3940 844 4014 Elector
873 3942 1021 4013 Coloniae
1045 3944 1174 4014 foedere
1204 3968 1282 4014 oum

304 4088 501 4180 Imperatore
525 4089 558 4159 d.
582 4095 625 4166 26
651 4115 695 4164 m.
715 4091 798 4178 dag.
824 4109 855 4161 a·
879 4093 984 4178 1731,
1007 4091 1082 4164 Rea
1101 4091 1283 4164 Boruraioo
