2990 4966
759 526 803 591 84

294 757 378 820 este,
404 751 444 802 ut
474 729 605 802 vellent.
651 729 789 800 Ordines
820 725 1121 822 reprehenderunt,
1144 728 1271 798 Prtnci·

298 883 398 976 pibus
423 879 666 990 lfaciscentibns
687 903 769 947 onus
796 878 922 970 imponi
949 875 1166 964 fidejussionis
1189 874 1268 945 Sile·

298 1031 361 1098 siae
387 1047 421 1098 et
447 1027 558 1114 clasii,
581 1029 704 1114 Regem
730 1045 843 1095 contra
871 1026 1037 1095 borussiae
1068 1023 1111 1092 ad
1137 1023 1271 1092 illorum

233 1155 236 1170 Ι
299 1178 514 1272 possessiones
531 1175 759 1264 fidejubendas
779 1199 848 1244 non
866 1173 1014 1262 obligari.
1054 1173 1178 1242 Verum
1197 1174 1270 1266 ipae

301 1344 507 1396 rmmcus
524 1347 558 1392 se
581 1322 676 1392 stuli
697 1322 906 1412 fidejussione
927 1319 1024 1414 plane
1043 1318 1185 1390 alienum
1205 1344 1274 1388 esse

300 1469 495 1540 ostenderat.
542 1469 627 1538 cum
646 1471 832 1540 comiteur
851 1489 994 1538 norun
1015 1470 1112 1538 etiarn
1133 1469 1270 1538 Ordines

303 1639 394 1706 egere
406 1618 447 1685 de
465 1615 651 1686 renovando
663 1615 792 1684 foedere
804 1615 1061 1709 propugnaculi:
1078 1641 1188 1710 neque
1200 1615 1273 1686 aula

301 1768 489 1834 Viennensis
509 1765 593 1832 illud
616 1765 726 1834 adhuc
744 1765 847 1834 valere
867 1767 1023 1853 negabat,
1045 1766 1103 1834 aed
1119 1790 1189 1836 non
1207 1791 1275 1836 arn·

303 1911 391 2006 plius
409 1914 504 2002 tantis
532 1911 692 2000 gaudebat
710 1912 933 2000 facultatibus,
955 1933 995 1985 nt
1019 1931 1145 1984 sumtus
1169 1917 1270 2010 Reip.

303 2061 477 2157 quotannis
504 2060 673 2132 solvendos
700 2081 810 2156 posset
836 2062 1000 2149 consnre,
1021 2087 1130 2156 neque
1157 2065 1272 2157 proba·

307 2213 369 2298 vit,
401 2209 494 2303 quod
520 2211 736 2304 praecipuum
759 2211 910 2298 petebant
938 2209 1093 2299 Ordines,
1114 2230 1154 2280 ut
1173 2214 1272 2280 nrbes

303 2362 340 2426 in
363 2357 472 2446 Belgio
490 2358 658 2426 lustriaco
678 2383 696 2423 a
715 2358 849 2426 Francis
871 2356 1065 2425 deserendae
1088 2358 1189 2451 Reip.
1213 2376 1276 2428 tra-

303 2505 481 2591 derentur,
512 2504 618 2573 donec
641 2505 757 2601 foedus
781 2505 1023 2598 propugnaculi
1051 2526 1133 2577 esset
1155 2526 1275 2576 restau-

302 2669 421 2720 ratum.
467 2652 509 2719 Et
533 2652 630 2738 Reges
651 2652 824 2745 Hispaniae
847 2670 880 2722 et
902 2653 1082 2742 Sardiniae,
1106 2655 1182 2724 Dux
1204 2655 1273 2723 llu-

305 2801 392 2870 tinae
415 2817 448 2868 et
473 2799 571 2891 Resp.
600 2799 729 2868 Genuae
755 2799 1018 2892 postulaverunt,
1040 2821 1079 2872 ut
1101 2829 1186 2896 quae
1209 2805 1273 2874 sibi

302 2949 423 3038 singuli
457 2945 694 3020 contenderent
720 2950 798 3036 jura
833 2951 1013 3020 accuratius
1048 2951 1114 3020 boc
1142 2947 1274 3021 foedere

304 3098 587 3182 describerentur,
609 3098 668 3166 sed
687 3098 873 3168 maluerunt
893 3117 956 3167 tres
979 3098 1068 3188 illae,
1091 3125 1177 3194 qnae
1199 3123 1275 3170 con·

306 3244 444 3312 ditiones
474 3245 617 3336 praevias
646 3247 864 3333 signaverant,
897 3227 1087 3337 Potestates,
1109 3274 1148 3318 ea
1168 3251 1274 3320 loede-

305 3395 399 3460 ribus
422 3390 642 3485 peculiaribus
671 3395 836 3464 constitui.

346 3540 517 3626 integrum
542 3540 641 3625 igitur
667 3540 799 3627 foedus,
821 3543 871 3610 nti
895 3545 1103 3636 propositum
1123 3561 1208 3633 erat,
1229 3547 1271 3615 ab

305 3688 456 3762 omnibns
473 3687 683 3780 Principibus
704 3686 901 3758 bellantibus
923 3709 971 3760 est
994 3692 1222 3764 confirmatum
1242 3713 1275 3764 et

310 3837 577 3930 comprobatum,
606 3832 727 3928 aeque
753 3838 791 3906 18
818 3861 863 3906 m.
888 3836 960 3906 oct.
987 3841 1029 3907 ab
1053 3838 1188 3928 tndem,
1212 3842 1274 3934 qus

306 3988 510 4080 praeviarum
543 3983 770 4056 conditionum
800 3985 929 4054 fuerant
953 4005 1133 4077 auctores,
1163 3987 1272 4078 legatis

302 4134 479 4224 UFranciae,
501 4135 545 4202 Μ.
569 4133 752 4202 Britanniae
773 4150 806 4202 et
828 4131 989 4202 Ordinum
1013 4135 1215 4208 Generalinm
1240 4137 1280 4204 si-
