2990 4966
718 521 758 586 21

247 725 386 809 ducere,
412 725 551 808 veritur,
575 747 616 788 ne
642 719 840 790 Rleotorntua
862 720 1114 788 Hannoveranus
1137 724 1221 790 inva-

250 873 398 958 deretur,
414 873 540 940 Parisiis
556 872 621 958 egit
638 869 792 962 depacto
807 872 1042 937 neutralitatis
1060 867 1221 955 ineundo,

249 1023 341 1116 quod
360 1023 395 1090 d.
416 1027 458 1092 28
480 1049 525 1090 m.
549 1022 622 1091 Oct.
647 1021 762 1112 (tttt)
790 1039 1033 1113 perpratratum
1055 1038 1121 1089 ott:
1153 1045 1222 1113 quo

252 1172 348 1239 etiam
366 1189 527 1239 atooams
545 1169 734 1256 suffragium
758 1193 854 1236 auum
875 1167 1072 1238 Electorinm
1094 1171 1129 1236 in
1148 1195 1223 1262 pro-

252 1321 339 1386 xima
370 1320 575 1412 Imperatoria
604 1316 760 1386 electione
793 1319 940 1388 Bavariae
971 1320 1120 1412 Principi
1152 1344 1224 1414 spo

254 1463 385 1562 pondit.
432 1466 570 1558 Tempus
593 1484 717 1551 autem,
740 1491 801 1558 per
826 1467 917 1560 quod
937 1467 991 1536 iila
1011 1470 1131 1558 vigeret
1148 1489 1224 1537 neu'-

255 1617 393 1702 tralitas,
430 1615 636 1684 determinari
668 1611 852 1700 neglectum
884 1632 952 1702 ott,
989 1616 1081 1710 quod
1114 1637 1226 1710 poster

258 1765 438 1857 praetextni
462 1763 526 1830 fuit
550 1761 629 1848 Regi
651 1760 802 1850 irgine,
828 1780 866 1831 nt
890 1787 960 1832 eam
978 1782 1157 1856 rumperet.

302 1910 430 1980 Auxilia
447 1911 577 1978 Ruaaiae
594 1909 715 1978 frustra
738 1912 945 2003 exspectabat
963 1911 1082 2001 Regina
1102 1913 1227 2001 Hungu-

256 2061 332 2128 riae.
377 2060 509 2128 Sueoiae
531 2059 619 2126 enim
639 2059 724 2143 Rex,
748 2083 848 2151 quem
872 2057 1007 2127 Francia
1028 2084 1092 2151 pro
1113 2085 1221 2127 annua

258 2209 417 2300 pecuniae
440 2231 564 2274 summa
591 2205 633 2273 ad
656 2230 728 2273 suas
752 2225 867 2300 partesr
885 2205 1103 2302 perduxerat,
1125 2209 1225 2296 hujus

261 2355 393 2426 tonsilia
418 2357 512 2448 sequi
536 2371 683 2438 coactus,
706 2355 852 2441 Russiae,
875 2380 916 2422 na
944 2355 1089 2424 Austriae
1110 2355 1228 2424 auxilia

259 2506 375 2592 ferret,
396 2503 519 2572 bellum
542 2502 702 2571 indixerat
721 2527 828 2572 mense
848 2501 938 2572 Julio
956 2505 1018 2571 suh
1038 2504 1147 2597 speeie
1163 2503 1237 2573 vio·

259 2653 316 2722 lati
337 2653 501 2721 novissimi
522 2649 671 2720 foederis.
741 2693 744 2697 -

305 2802 419 2894 Roqae
438 2801 540 2869 tutior
560 2825 576 2866 a
599 2816 691 2890 parte
712 2799 842 2865 Russiae
864 2815 932 2864 erat
954 2797 1023 2863 Rex
1044 2795 1227 2884 Borusaiae,

259 2950 319 3016 etsi
345 2949 414 3035 jam
441 2971 550 3015 mense
575 2947 744 3016 Decembri
769 2971 797 3013 a.
834 2945 916 3016 1740
944 2969 1021 3012 cum
1045 2944 1099 3013 illa
1120 2946 1228 3014 inisset

255 3097 380 3185 foedus
395 3097 611 3186 desenaimtm.
658 3094 778 3164 Eodem
791 3113 934 3188 tempore
947 3120 1023 3164 oum
1035 3096 1071 3164 in
1084 3095 1227 3166 Silesiam

261 3247 430 3328 intrasset,
462 3245 597 3330 Reginae
622 3244 802 3331 Hungariae
829 3243 919 3313 ultro
940 3269 1053 3336 paoem
1083 3246 1222 3314 obtulit:

261 3393 383 3462 seilicet
407 3410 446 3460 ut
471 3393 542 3483 ipse
566 3409 737 3459 contentus
758 3409 838 3459 estet
862 3392 1041 3460 Ducatibus
1064 3392 1229 3482 Glogariae

261 3559 293 3608 et
322 3541 456 3628 sagari,
488 3540 626 3624 Reginae
655 3539 793 3609 solveret
821 3545 976 3614 2000000
1010 3541 1228 3628 florenorum,

266 3688 461 3776 fidejuberet
473 3687 679 3757 Sanctionem
692 3688 938 3775 Pragmatioam,
955 3707 988 3756 et
1002 3712 1132 3780 operam
1141 3715 1231 3756 suam

259 3839 495 3930 interponeret,
525 3855 562 3927 nt
589 3837 632 3906 M.
662 3837 735 3903 Dux
761 3837 906 3905 Etruriae
934 3838 1114 3930 Imperator
1138 3835 1227 3926 elige-

178 4024 181 4030 ·
260 3971 360 4056 retur.
406 3987 471 4058 Sed
496 3989 620 4075 Regina*
639 3990 801 4058 sociorum
825 3989 948 4056 viribus
981 3986 1149 4056 confidens
1178 3989 1234 4056 has

262 4139 459 4208 conditiones
493 4139 617 4224 rejecit.
677 4138 760 4206 Cum
781 4161 854 4205 vero
886 4156 1089 4206 rnttnttttlcos
1124 4163 1230 4206 mense
