2990 4966
657 545 702 610 ⁴13

195 749 314 816 simum
325 771 409 815 'sane
427 771 492 841 pro
511 764 599 816 tanta
615 750 742 835 jactura
761 745 1050 841 emolumentum);
1070 751 1165 844 qnod

193 915 300 966 tamen
322 913 474 988 pactum,
502 914 694 988 recuperato
719 897 759 964 ab
785 895 913 968 dustria
940 923 968 966 a.
999 899 1081 969 1695
1105 901 1164 966 cir-

194 1044 286 1131 culo,
311 1069 380 1112 non
408 1043 602 1138 impletum,
636 1043 781 1137 adeoque
811 1043 941 1114 nullum
968 1046 1093 1116 factum
1121 1047 1167 1115 ri·

192 1191 340 1261 debatur.

239 1339 284 1408 Ut
314 1340 413 1408 ceteri
442 1339 589 1433 petitoris
623 1363 680 1408 sua
706 1341 850 1435 quisque
873 1343 950 1429 jura
975 1341 1012 1408 in
1045 1363 1169 1410 succes-

182 1488 316 1557 sionem
336 1489 564 1576 tustfiacam,
588 1514 672 1581 quae
701 1514 764 1584 per
791 1491 996 1560 Sanctionem
1023 1458 1167 1578 Pragma-

192 1637 290 1705 ticam
311 1652 402 1704 erant
423 1635 567 1723 sublata,
593 1636 715 1706 tuenda
736 1641 999 1710 renuntiaverant
1022 1641 1165 1710 Sanctio

191 1785 241 1852 nis
255 1782 482 1872 fidejussione,
500 1808 568 1852 non
581 1787 627 1854 ita
644 1783 802 1873 obligatus
821 1804 889 1854 erat
901 1807 1108 1857 runnumcus
1121 1789 1166 1856 ΙΙ,

193 1936 327 2003 Pactum
344 1935 431 2002 enim
451 1933 743 2003 Wustenhauscnse
765 1962 794 2003 a.
820 1935 921 2024 1727,
946 1960 1016 2029 quo
1034 1956 1162 2006 ruror-

194 2102 291 2154 nrcus
317 2101 513 2154 oururnuns
549 2081 792 2172 fidejussionem
821 2083 1066 2178 spoponderat,
1097 2111 1166 2154 non

192 2248 261 2303 erat
272 2233 491 2320 ratificatum,
511 2258 588 2302 cum
606 2233 787 2325 Imperator
800 2256 869 2300 non
881 2230 1080 2326 implevisset
1093 2256 1174 2302 con··

193 2381 366 2468 ditionem,
379 2405 480 2475 quam
489 2384 562 2452 Rex
574 2380 1045 2451 ratificationisuaestotnisset.
1067 2379 1168 2450 Paeto

193 2529 293 2600 altero
318 2547 461 2616 secrete,
494 2529 651 2598 concluso
673 2528 815 2598 Berolini
837 2527 872 2597 d.
898 2531 944 2598 23
966 2554 1011 2597 m.
1037 2528 1114 2598 Dec.
1137 2556 1166 2597 a.

197 2683 301 2766 1728,
323 2679 433 2749 denuo
454 2679 523 2748 Rex
546 2679 712 2748 Borussiae
732 2704 767 2746 se
786 2679 996 2748 Sanctionem
1022 2675 1165 2764 fidejus-

192 2855 307 2899 surum
339 2854 406 2898 esse
442 2831 660 2923 promiserat,
698 2827 762 2894 hac
796 2827 858 2893 sub
896 2822 1081 2894 conditione
1089 2871 1100 2900 ¹,
1130 2841 1170 2891 ut

193 2980 370 3072 Imperator
400 3003 477 3046 eum
511 2977 548 3044 iu
582 2976 814 3070 possessionem
845 2974 989 3042 mitteret
1021 2973 1168 3042 Ducatns

192 3127 354 3196 Montium
377 3127 494 3219 (Berg)
522 3143 557 3194 et
578 3125 755 3194 Comitatus
778 3125 1018 3212 Ravenstcinii,
1042 3125 1070 3192 si
1090 3149 1169 3193 mas-

192 3277 258 3346 culi
292 3302 311 3344 e
353 3275 470 3345 familia
507 3294 589 3344 tunc
626 3294 781 3374 regnante
826 3273 967 3343 Palatina
1007 3271 1169 3360 Neoburgi

192 3425 379 3519 (Neoburg)
402 3428 705 3514 exstinguerentur:
739 3449 824 3518 quae
854 3428 882 3492 si
910 3425 1010 3494 lineae
1038 3425 1170 3496 Sulzba·

194 3574 326 3642 chianae
350 3575 559 3668 Principatus
573 3598 647 3643 suos
662 3573 809 3658 cederet,
831 3598 981 3669 expresse
1000 3576 1169 3666 provisum

191 3741 275 3809 erat,
299 3741 337 3792 nt
356 3743 541 3794 censeretur
564 3723 722 3793 exstincta
744 3742 897 3816 respectu
915 3725 1085 3812 regionum
1103 3724 1168 3793 hoc

190 3890 289 3962 pacto
307 3872 544 3964 stipulatorum.
581 3871 665 3941 Cum
678 3896 755 3940 vero
773 3893 920 3942 cetoros
933 3874 977 3939 vl
991 3873 1025 3939 iu
1040 3871 1167 3963 foedere

191 4017 226 4085 d.
255 4023 294 4090 13
319 4043 362 4087 m.
392 4021 466 4090 Jan.
494 4046 521 4088 a.
551 4022 632 4091 1739
659 4045 736 4087 cum
760 4021 894 4088 Francia
922 4017 1070 4086 versaliis
1099 4022 1166 4088 icto

192 4171 403 4274 'concessisset
424 4170 568 4239 Ducatus
591 4170 750 4239 Montium
772 4189 804 4240 et
823 4170 940 4268 Juliaci
955 4169 1091 4262 (Gulit)
1111 4197 1165 4240 ex·
