2990 4966
755 515 799 580 st

335 717 377 786 Ut
408 717 477 784 Rex
508 716 674 784 &russiae
704 735 860 810 tanquam
888 715 1016 788 Elector
1041 716 1267 806 Brundeburgi

290 884 477 953 agnosceret
497 867 686 954 suffragium
708 864 908 935 Electorium
930 865 1120 954 bohemiae,
1152 886 1185 936 et
1213 867 1267 937 ad·

288 1014 435 1082 haereret
455 1014 616 1084 Electioni
639 1013 683 1081 M.
704 1014 804 1084 llucis
830 1015 988 1082 Ennriac.
1025 1015 1102 1084 Art.
1126 1017 1158 1086 7.
1202 1015 1264 1084 Hic

289 1163 377 1230 enim
397 1162 431 1231 d.
456 1167 493 1234 13
516 1189 561 1233 nt.
583 1165 673 1257 Sept·
695 1166 757 1230 sub
779 1165 909 1231 nomine
930 1183 1105 1234 rntnc1sc1
1126 1165 1141 1231 I
1159 1165 1263 1257 Impe-

287 1330 375 1382 rator
406 1312 527 1384 electus
556 1331 644 1400 erat,
678 1315 826 1406 quamvis
861 1315 1121 1407 repugnantibus
1154 1311 1264 1400 legatia

288 1460 533 1550 Brandeburgio
552 1480 585 1530 et
610 1460 764 1530 Palatino.

330 1610 375 1682 Ut
399 1611 468 1680 Rex
495 1609 628 1698 dugliae
656 1613 832 1678 cessionem
859 1607 985 1682 Silcsiaa
1009 1627 1043 1676 et
1069 1606 1164 1676 Glatii
1184 1608 1264 1678 fida-

282 1760 432 1846 juberet,
465 1777 498 1827 et
528 1757 758 1852 polliceretur,
785 1781 818 1824 se
844 1755 1022 1824 Ordinibus
1053 1757 1260 1828 Generalibns

285 1925 317 1974 et
344 1909 485 1999 imperio
524 1907 742 1994 Germanico,
775 1925 813 1974 ut
847 1905 993 1974 similiter
1020 1907 1262 2004 fidejuberent,

287 2079 530 2148 persuasurum·

327 2207 437 2274 Mense
455 2207 542 2295 Majo
562 2209 640 2274 anni
658 2209 826 2299 sequentis
846 2207 963 2298 (1746)
981 2209 1054 2274 Rex
1074 2159 1118 2274 Mi
1136 2206 1262 2276 Britan·

283 2358 353 2424 niae
376 2356 536 2448 peculiari
561 2357 779 2424 instrumento
800 2355 945 2444 suscepit
967 2352 1093 2422 Silesiae
1113 2371 1145 2421 et
1166 2353 1263 2420 Glutii

282 2501 544 2590 fidejussionem,
567 2519 600 2570 et
622 2504 696 2571 Rex
717 2501 882 2570 Bornssiae
907 2522 1022 2566 rursus
1047 2523 1081 2566 se
1108 2498 1260 2586 obligavit

280 2653 322 2719 ad
351 2650 613 2721 satisfaciendum
639 2650 771 2737 buglis,
795 2649 918 2742 quibus
946 2649 1104 2742 pecuniae
1131 2648 1257 2719 Silesiaa

281 2803 413 2870 nomine
445 2803 656 2871 deberentur.
701 2799 838 2870 Ordines
868 2798 1055 2886 Generales,
1085 2827 1103 2868 a
1134 2803 1256 2894 quibus

284 2951 444 3038 ejusmodi
469 2950 635 3038 fidejussio
667 2949 889 3036 flagitabatur,
922 2973 989 3016 non
1020 2951 1083 3016 nisi
1110 2949 1200 3018 tarde
1220 2974 1258 3017 eo

164 3141 171 3158 ,
285 3097 423 3166 adducti
446 3116 535 3168 sunt.
580 3096 646 3164 Nec
671 3095 766 3164 facile
785 3095 868 3164 illud
891 3098 1058 3188 impetrari
1085 3101 1194 3190 potuit
1214 3101 1256 3166 ab

284 3246 427 3337 imperio
443 3247 652 3330 Germanico,
676 3245 866 3336 praesertim
886 3243 978 3336 quod
994 3244 1090 3312 simul
1105 3247 1255 3332 allegine

285 3395 466 3482 Hungariae
483 3412 665 3486 peteretur,
683 3412 721 3462 ut
742 3393 938 3480 fidejuberet
960 3395 1166 3464 Sanctionem
1181 3395 1254 3462 Pra-

286 3543 474 3629 gmaticam,
497 3543 583 3610 sicut
604 3569 632 3610 a.
657 3543 741 3614 1732
769 3540 921 3634 pluribus
946 3541 1101 3627 suffragiis
1115 3543 1152 3609 in
1166 3541 1252 3612 dieta

377 3772 477 3820 llortuo
493 3781 635 3816 auratasne
648 3767 687 3814 111
706 3767 799 3831 obtigit
815 3767 901 3816 domni
919 3764 1133 3830 Brandeburgiae.
1169 3769 1263 3820 Verum

377 3887 402 3919 a.
435 3867 499 3918 1753
525 3878 684 3914 artusartus
720 3864 745 3912 11
779 3881 833 3914 eam
865 3865 943 3914 cessit
972 3865 1068 3930 privata
1096 3869 1267 3920 contentione

382 3981 483 4014 rantra
503 3936 664 4022 arruntius,
684 3977 749 4025 quaa
766 3964 930 4026 conjunctam
939 3979 997 4011 cnm
1007 3964 1107 4014 llucatu
1117 3963 1268 4018 Brabantiae

380 4067 406 4114 in
428 4065 552 4114 {tumturn
570 4061 650 4116 erexit
670 4061 702 4110 in
722 4061 831 4122 fatuam
851 4061 959 4110 familiae
978 4063 1011 4110 ἀι
1034 4062 1119 4116 fallas
1138 4067 1170 4114 de
1188 4067 1268 4132 Salen

380 4161 511 4212 Toronen.
