2990 4966
767 479 809 550 00

299 709 365 770 eat,
388 682 446 752 sed
468 707 536 752 non
556 681 665 776 liquet
686 680 727 751 de
747 700 846 775 pacto
866 681 1060 758 subsidiaria
1083 687 1171 754 iuter
1192 708 1278 764 eum·

299 833 376 902 ‹lem
409 833 598 924 Principem
631 849 664 900 et
686 830 796 918 Regna
819 833 977 902 maritima
998 834 1101 918 inito,
1126 835 1221 922 cujus
1242 836 1278 902 in

300 983 357 1052 illc
378 985 502 1052 mentio
526 982 583 1069 fit,
607 981 767 1076 quodque
791 983 954 1069 signatum
974 983 1102 1054 videtur
1116 991 1159 1054 a⁰.
1179 985 1275 1088 174⁵,

299 1132 446 1202 Foederis
485 1131 691 1200 Monachiani
719 1131 875 1202 articulus
907 1137 928 1202 2
959 1135 1060 1220 sistit,
1083 1152 1121 1202 ut
1147 1133 1277 1202 Elector

301 1283 441 1369 Reginae
472 1280 655 1350 secundm
678 1285 926 1353 conventionem
948 1281 1035 1352 illam
1056 1281 1278 1352 subsidiariam

293 1438 388 1504 Ι0000
412 1432 555 1502 militurn
575 1437 757 1526 praeheret.
801 1434 1141 1526 Imperetur-Regina
1166 1451 1278 1510 eontra

298 1581 517 1674 quarumdam
553 1583 792 1674 pecuniarum,
833 1606 914 1673 quas
951 1579 1092 1650 debebat
1127 1581 1276 1668 Elector,

296 1729 492 1799 solutionem
512 1729 708 1796 remittebat.

341 1875 423 1945 lndc
456 1879 497 1946 ab
526 1878 621 1946 initio
649 1875 724 1944 belli
759 1874 853 1962 legati
876 1876 1029 1954 Franciae
1052 1893 1089 1975 et
1107 1875 1274 1954 Berussite

295 2028 336 2094 a'cl
369 2025 476 2094 aulum
509 2027 680 2096 Russicam
711 2026 872 2094 lustriaci
907 2024 1039 2094 consilia
1074 2025 1115 2095 ad
1147 2050 1277 2120 persua-

288 2173 443 2246 dandum
470 2177 676 2269 Imperatrici
699 2175 849 2262 Russiae,
879 2193 918 2247 ut
945 2199 1023 2247 cum
1043 2175 1165 2262 Regina
1186 2176 1275 2244 llun·

292 2325 395 2410 'garire
417 2324 533 2392 foedus
553 2326 675 2395 arctius
700 2325 798 2392 iniret
822 2341 854 2392 et
873 2323 951 2393 belli
974 2324 1140 2416 particeps
1165 2323 1273 2432 fieret,

294 2470 455 2564 impedire
472 2473 645 2542 sciverant.
679 2474 723 2538 At
741 2494 827 2540 anno
853 2474 937 2540 1746
956 2473 1145 2540 auctoritate
1167 2470 1274 2556 Magni

293 2617 483 2687 cancellarii
514 2639 742 2688 nrsroucflurr
773 2618 994 2712 praevalente,
1017 2620 1051 2688 d.
1078 2625 1099 2694 2
1121 2647 1166 2689 m.
1190 2621 1271 2690 Jun.

293 2771 341 2862 (d.
370 2775 413 2841 22
437 2797 483 2840 m.
507 2771 585 2859 lllaj.
610 2769 686 2840 stilo
707 2752 832 2860 uetere)
860 2768 975 2838 loedus
997 2770 1203 2842 defensivum
1223 2772 1270 2838 in·

281 2941 343 2992 ter
368 2922 533 2990 Austriam
552 2940 584 2990 et
606 2922 754 2990 Russiam
777 2922 883 2988 ictum
904 2938 964 2990 eat.
1026 2995 1031 3004 ⁴

339 3055 539 3139 Pacisceutes
564 3071 626 3136 sibi
648 3067 836 3156 fidejubent
856 3069 965 3155 Regna
985 3093 1042 3134 sua
1064 3086 1097 3135 et
1114 3069 1177 3136 sibi
1199 3093 1272 3161 pro-

293 3222 449 3308 mittuut,
468 3225 495 3288 si
507 3219 734 3297 offendantur,
750 3221 929 3290 exercitum
943 3217 1147 3294 auxiliarium
1161 3223 1271 3290 30000

283 3366 454 3456 4ιῐιίΙὶιιιιη,
478 3393 621 3464 quorum
638 3371 731 3441 tertia
753 3393 828 3462 pars
852 3369 1004 3462 equitum
1023 3369 1096 3438 erit.
1131 3367 1213 3435 Art.
1239 3373 1270 3434 2.

337 3521 558 3611 Excipiuntur
592 3543 610 3588 e
639 3545 715 3588 casu
743 3518 883 3589 foederis
905 3516 1008 3604 bella,
1033 3541 1116 3610 quae
1140 3515 1272 3590 Russiae

292 3687 407 3741 contra
437 3667 594 3754 Persium,
627 3685 659 3740 et
683 3669 830 3740 lustriae
855 3664 999 3735 intralia
1027 3663 1075 3733 rel
1103 3689 1179 3734 cum
1201 3665 1271 3734 llis·

289 3819 386 3910 pania
403 3835 509 3887 essent
532 3814 681 3904 gerenda.
726 3818 802 3884 Arc.
826 3822 857 3886 3.

335 3967 535 4036 Paciscentes
570 3965 634 4034 sibi
659 3983 829 4041 ,reservant
866 3982 1060 4057 potestatem
1094 3963 1269 4044 revocandi

289 4116 467 4182 exereitum
497 4114 701 4184 auxiliarium
734 4139 834 4208 quem
864 4115 1114 4207 praebuissent,
1146 4115 1173 4182 si
1203 4112 1267 4207 ipsi
