2990 4966
719 564 760 627 49

163 795 169 800 -
241 761 297 829 hic
315 785 358 828 ne
383 763 563 856 potiretur,
582 760 675 833 valde
688 763 853 832 metuebat
866 763 1066 856 Respublica
1080 766 1219 834 Genuae.

239 913 343 998 Quam
363 914 427 1006 sihi
449 915 570 982 sociam
593 938 662 982 non
682 939 802 1008 parum
824 916 861 984 in
883 917 981 983 rebus
1005 915 1123 985 Italicis
1145 941 1220 1009 pro-

239 1060 400 1133 iecturam
423 1063 525 1150 Reges
548 1061 702 1132 llranciae
730 1081 764 1130 et
791 1063 966 1156 Hispaniae
988 1065 1154 1150 arbitrati,
1177 1062 1220 1132 de

240 1209 370 1280 loedere
389 1211 535 1280 ineundo
558 1236 636 1280 cnm
658 1211 713 1280 illa
737 1214 966 1300 negotiationes
991 1214 1219 1298 instituerunt,

244 1359 365 1454 dieque
392 1363 476 1432 im.
500 1363 579 1452 Maji
599 1390 628 1432 a.
662 1367 744 1434 1745
770 1365 806 1431 in
836 1363 908 1432 villa
931 1341 1109 1453 lircajuea
1130 1365 1223 1457 pepi-

245 1526 362 1595 gerunt
386 1520 527 1602 pactum
555 1511 855 1596 confoederationes
883 1523 917 1580 ei
942 1513 1106 1599 subsidii,
1135 1537 1223 1586 acce·

245 1655 343 1728 dente
369 1660 467 1727 etiam
489 1661 578 1748 Rege
603 1659 762 1753 Neapolis.
807 1659 887 1746 llic,
919 1662 1015 1748 cujus
1045 1685 1063 1728 e
1098 1684 1134 1728 re
1156 1678 1224 1730 erat

246 1808 422 1876 contrarias
451 1775 593 1896 Reginae
613 1807 795 1894 Hungariae
813 1825 921 1901 partes
942 1807 1060 1902 sequi,
1083 1831 1122 1876 a*
1140 1810 1224 1878 1742

246 1953 344 2024 classe
378 1953 514 2041 Anglica
548 1957 667 2022 urbem
707 1953 876 2048 Neapolim
914 1953 1043 2042 aggredi
1080 1957 1225 2024 minante

246 2121 376 2171 coactus
403 2102 509 2170 fuerat
532 2101 772 2170 neutralitatem
798 2102 899 2186 inire3
924 2126 1038 2169 verum
1066 2128 1094 2171 a.
1125 2105 1225 2186 1744,

248 2274 325 2319 curn
348 2251 469 2338 Regina
487 2251 666 2338 liungariae
691 2251 793 2344 pactis
818 2218 1002 2318 foederilius
1027 2250 1229 2320 Vratislaviae

251 2418 284 2470 et
313 2400 494 2470 Vormatiae
523 2401 631 2490 Regni
652 2402 705 2468 sui
730 2401 988 2468 deminutionem
1012 2425 1103 2494 passa
1125 2419 1224 2486 esset,

251 2551 391 2637 veritus,
414 2575 456 2619 ne
478 2552 585 2638 Regni
607 2549 806 2644 Neapolitani
830 2548 1058 2637 debellatione,
1081 2551 1227 2618 exercitu

248 2699 418 2766 austriaca
444 2700 515 2786 jam
547 2701 583 2765 in
619 2702 768 2767 Romano
806 2697 969 2766 territorio
1001 2697 1226 2789 procedente,

249 2847 550 2939 compensationem
586 2863 777 2939 quaereret,
810 2847 918 2938 copias
955 2843 997 2912 ad
1032 2845 1082 2911 sui
1117 2843 1228 2914 delen·

245 2995 371 3062 sionem
402 2995 535 3082 emisit,
574 3019 657 3088 quae
688 3013 879 3064 amoverunt
910 2993 1108 3088 periculum.
1153 2995 1229 3064 Noe·

247 3141 325 3212 dere
357 3162 467 3214 autem
502 3144 722 3233 Aranjuezino
756 3169 865 3213 revera
893 3141 970 3212 belli
994 3145 1159 3236 particeps
1188 3143 1231 3211 la·

248 3312 323 3366 (llus
353 3311 413 3362 eal·

296 3445 487 3515 Statuernnt
502 3441 720 3528 Pacisceutes,
744 3459 782 3510 ut
804 3441 906 3530 hujus
931 3439 1070 3510 foederis
1094 3427 1231 3516 conven-

249 3591 351 3662 tiones'
386 3608 525 3661 secretae
554 3608 783 3676 servarentur,
814 3587 920 3658 donec
960 3591 1127 3659 communi
1155 3613 1231 3657 con·
1261 3618 1263 3622 ·

236 3762 345 3834 ¹sarmu
374 3739 615 3807 innotescerent
639 3739 720 3830 (cri.
751 3739 803 3830 1),
826 3762 935 3833 neque
960 3757 1035 3808 ante
1062 3738 1131 3829 ipsa
1158 3759 1233 3812 con·

207 3861 212 3868 ¹
249 3887 425 3957 foederatio
445 3888 553 3981 palam
575 3889 684 3976 lieret,
708 3889 934 3982 quamsscopiae
948 3887 989 3954 ad
1004 3845 1229 3952 defendendos

133 4089 137 4106 .
251 4037 345 4128 Reip.
367 4037 449 4104 lines
469 4063 487 4104 a
505 4038 636 4125 regibus
656 4039 769 4106 missae
789 4034 830 4103 ad
843 4035 930 4121 loca,
955 4055 1038 4126 quae
1052 4031 1087 4096 in
1101 4027 1229 4098 loedere

253 4202 430 4273 notentur,
464 4189 686 4278 pervenissent
721 4185 800 4274 (art.
838 4186 891 4274 6).
928 4183 970 4249 Et
997 4201 1078 4250 tunc
1103 4179 1239 4254 demum

1069 4340 1082 4378 l
