2990 4966
646 517 651 522 ·
734 491 792 554 23'

266 718 538 794 procursaretur,
575 703 668 794 quasi
710 699 837 767 hostilia
877 701 1165 784 continuarentur;
1198 718 1237 768 ut

264 847 408 942 denique
434 848 493 916 hae
518 846 719 916 conditiones
743 847 875 939 penitus
895 843 1235 916 occultae-manerent.

308 998 381 1067 Sive
413 997 482 1064 Rex
513 996 679 1064 Borussiae
710 994 858 1064 inducias
891 993 960 1062 illas
989 1017 1059 1062 non
1091 994 1241 1064 hahuerit

265 1163 402 1238 paetum
424 1143 556 1213 solenne
579 1161 612 1212 et
638 1143 882 1230 obligatorium,
903 1142 991 1230 sive,
1013 1144 1078 1212 sibi
1105 1143 1238 1212 insidias

268 1292 367 1360 tuisse
390 1292 512 1384 positas
540 1291 733 1378 arbitratus,
755 1292 827 1384 ipse
852 1292 948 1359 etiam
974 1292 1125 1360 astutiam
1150 1291 1240 1360 adhi-

258 1441 347 1529 ,bera
361 1437 517 1522 voluerit,
533 1461 587 1523 ea,
606 1436 698 1530 quod
710 1436 781 1504 anln
794 1438 986 1506 Viennensis
998 1437 1076 1506 istos
1089 1434 1242 1506 articulos

269 1587 463 1678 evulgasset,
485 1611 563 1656 usus
588 1605 638 1656 est
657 1589 881 1673 excusatione,
905 1604 943 1656 ut
964 1605 1118 1680 paetum,
1143 1586 1240 1674 eujus

269 1735 365 1805 illum
382 1753 470 1805 certo
489 1737 687 1830 poeniteret,
707 1754 887 1830 rumperet.
933 1735 978 1805 Ut
994 1735 1094 1824 igitur
1112 1757 1146 1803 se
1165 1758 1243 1803 eum

273 1903 559 1954 mutunensis
586 1909 654 1953 non
675 1884 717 1952 de
737 1909 817 1977 pace
842 1883 940 1971 egisse
965 1885 1143 1978 probaret,
1165 1881 1242 1952 ‹tt

271 2057 316 2100 m.
340 2031 419 2102 Nor.
445 2033 648 2102 Vratislariae
671 2057 750 2100 eum
767 2031 914 2101 Electore
934 2033 1083 2103 Βιιιιίιι
1103 2033 1160 2101 ioit
1180 2031 1243 2101 foe·

275 2179 357 2267 dus,
380 2204 449 2273 quo
471 2179 519 2247 illi
540 2180 688 2248 dustriae
709 2179 908 2272 Superioris,
931 2177 1061 2264 Tmolia,
1085 2179 1243 2266 Brisgoiae

275 2351 308 2402 et
329 2331 499 2400 Bohemiae
522 2332 753 2424 possessionem
775 2328 946 2418 fidejussit.

318 2478 406 2548 Bello
427 2481 526 2567 igitur
548 2481 688 2572 repetito
707 2479 882 2547 Austriaois
904 2493 1026 2546 tantam
1041 2473 1133 2570 apud
1153 2476 1244 2545 Gras-

273 2626 387 2696 laviam
401 2625 526 2698 dadam
538 2627 713 2713 infligavit,
729 2645 767 2695 ut
778 2626 888 2696 denuo
900 2624 946 2692 illi
960 2651 978 2692 a
991 2624 1093 2714 legato
1107 2623 1245 2712 Anglieo

272 2777 402 2844 nomine
417 2775 555 2861 Reginae
570 2774 752 2861 'ilungariae
768 2774 857 2866 panis
878 2771 1078 2840 conditiones
1091 2774 1158 2841 sint
1170 2793 1246 2864 pro·

274 2885 407 3018 positae.
453 2923 547 2991 Nunc
569 2945 646 2991 vero
667 2945 718 2990 res
746 2923 829 2988 serio
851 2936 1001 2989 tractatae
1021 2937 1119 3007 sunt,
1142 2921 1186 2988 ita
1206 2939 1246 2989 ut

277 3071 477 3142 conditiones
509 3061 655 3165 praeviae
688 3069 725 3139 d.
754 3073 790 3140 lt
821 3095 865 3138 m.
889 3070 969 3138 Jun.
997 3095 1027 3138 a.
1054 3069 1140 3140 1742
1166 3069 1246 3136 Vra·

276 3221 416 3292 tislaviae
445 3223 604 3308 signatae,
621 3237 665 3289 'et
687 3219 722 3288 d.
741 3193 784 3290 28
807 3243 852 3286 m.
871 3216 941 3287 Jul.
960 3241 1030 3310 seq.
1049 3214 1191 3284 Berolini
1211 3216 1248 3282 in

167 3351 170 3359 s
269 3382 408 3464 paetum
427 3371 632 3461 definitivum
653 3391 822 3437 conversae
842 3367 920 3435 sint.
968 3363 1037 3434 Gur
1057 3382 1166 3432 autem
1182 3379 1249 3432 tam

272 3524 382 3591 subito
408 3523 476 3590 Rex
504 3545 523 3588 e
550 3519 638 3588 bello
666 3517 865 3604 diseederet,
899 3517 970 3608 ipse
1003 3516 1040 3583 in
1067 3539 1165 3608 opere
1188 3535 1249 3580 suo

275 3669 416 3740 indicate
442 3669 614 3740 consilium
636 3667 739 3755 Regni
762 3665 921 3734 Austriaoi
942 3662 1134 3748 dividendi,
1157 3658 1249 3753 quod

277 3819 411 3888 Francia
440 3819 624 3905 moliretur,
655 3816 702 3884 illi
736 3841 919 3910 numquam
951 3813 1138 3906 placuerat3
1173 3834 1249 3878 cum

275 3971 373 4039 unice
399 3994 473 4038 suae
495 3968 598 4056 gentis
623 3964 841 4052 magnitudini
861 3960 1025 4043 studeret,
1049 3956 1158 4048 oopias
1176 3981 1247 4023 suas

277 4144 343 4187 non
372 4143 409 4188 eo
438 4119 559 4186 servire
582 4113 727 4198 volebat,
752 4131 796 4203 ,ut
824 4108 962 4179 aemulos
988 4107 1049 4175 sibi
1079 4108 1250 4188 excitaret,
