2990 4966
653 519 695 582 Q

185 720 411 811 pervicturum
440 737 478 786 ut
503 722 568 811 ipsi
596 744 730 813 quoque
757 719 838 788 illud
866 721 1100 812 fidejuberent,
1130 729 1157 792 si

186 867 255 933 llex
275 865 440 933 Bornssiae
466 865 576 934 denuo
602 869 777 960 statimque
809 894 884 938 eum
911 869 994 958 Rege
1027 873 1156 962 angliae

186 1032 219 1082 et
242 1013 421 1082 Ordinibus
448 1012 563 1082 foedus
582 1013 785 1085 defensivunt
801 1037 928 1087 arctum
948 1020 1031 1088 inire
1052 1017 1155 1092 vellet,

188 1165 229 1232 Et
255 1165 341 1231 inter
368 1163 414 1231 Μ.
448 1163 646 1231 Britanniam
679 1181 712 1232 et
738 1164 926 1233 Bornssiam·
947 1166 1008 1235 tale
1042 1167 1156 1238 foedus

186 1313 220 1381 d.
241 1317 291 1383 29·
307 1337 351 1380 m.
373 1310 452 1380 Nov.
477 1311 754 1380 Westmonasterii
777 1313 962 1406 perfectum
984 1335 1042 1386 est.
1088 1318 1154 1386 Or-

187 1461 277 1528 dines
306 1483 402 1544 vero,
431 1461 578 1552 quamvis
606 1462 733 1530 invitati
758 1461 799 1530 ad
822 1463 1063 1555 accedendum,
1090 1491 1158 1534 non

184 1626 405 1695 accesserunt,
428 1609 521 1677 veriti
540 1608 694 1696 sortasse,
718 1634 760 1677 ne
781 1633 860 1678 unas
881 1611 1031 1683 alterasve
1049 1634 1155 1707 partes

185 1755 356 1825 laederent.
400 1756 487 1823 llum
513 1754 629 1843 legatus
655 1758 844 1827 Austriaeus
872 1759 934 1828 illis
957 1763 1155 1854 suspiciones

185 1909 220 1973 in
246 1905 351 1972 aulam
378 1906 565 1974 Francicam
587 1905 744 1974 suscitare
764 1907 959 1996 conabatur,
982 1909 1156 1979 Francicus

183 2079 317 2147 operam
342 2050 461 2140 dabat,
488 2072 526 2122 ut
545 2053 753 2145 prohiberet,
775 2079 849 2148 qno,
869 2058 976 2123 minus
1000 2057 1154 2141 Ordines,

183 2203 268 2270 sicut
290 2201 524 2288 decrevissent,
549 2225 646 2271 novas
672 2203 782 2294 copias
808 2223 1050 2296 compararent,
1074 2231 1154 2298 quas

186 2369 276 2419 certo
302 2351 338 2416 in
370 2349 514 2418 hostium
540 2350 692 2419 Francius
716 2350 924 2420 commodum
955 2353 995 2418 iri
1031 2351 1156 2422 adhibi·

184 2520 257 2569 tum
278 2515 433 2574 censeret.
477 2498 583 2586 Hujus
606 2523 682 2568 vero
705 2501 797 2568 irrita
818 2501 907 2570 suere
931 2501 1080 2584 consilia,
1102 2529 1155 2573 ne-

186 2673 252 2742 que
277 2645 368 2741 quod
390 2670 464 2714 mox
485 2650 658 2739 proposuit
676 2666 848 2740 acceptum
864 2667 912 2717 est
927 2669 1061 2741 paetum
1078 2677 1154 2720 nen·

185 2797 346 2882 tralitatis,
376 2822 438 2888 par
467 2795 720 2864 Hannoveran0:
755 2820 839 2866 novo
868 2797 989 2865 foederi
1017 2799 1152 2868 Ordines

186 2945 351 3017 confidere
370 2969 437 3014 non
459 2969 552 3038 posse
571 2944 783 3033 videbantur,
807 2946 967 3039 quamdiu
984 2963 1088 3018 vetera
1100 2951 1155 3018 ob·

184 3097 304 3164 servari
329 3119 397 3164 non
423 3093 565 3188 liqueret
587 3093 645 3185 (l),

228 3245 297 3312 Rex
329 3241 495 3314 Sardiniae
525 3267 587 3336 per
621 3259 726 3312 totum
757 3269 880 3311 annum
918 3247 998 3316 llll
1042 3267 1155 3318 neuter

183 3414 367 3482 manserat,
406 3418 515 3486 neque
553 3394 724 3486 Hispaniae
759 3417 868 3485 neque
907 3395 1079 3483 Austriae,
1117 3415 1155 3464 ut

185 3543 391 3612 auxiliaretur
417 3543 474 3630 iis,
495 3541 762 3627 sollicitantibus,
788 3566 821 3608 se
841 3540 1046 3630 adjunxerat.
1090 3542 1155 3614 Sed

182 3709 222 3760 ut
247 3691 330 3761 vidit
356 3691 465 3783 copias
494 3691 587 3776 Regis
614 3691 785 3783 Hispaniae
812 3689 944 3759 tendere
970 3692 1005 3757 in
1033 3691 1154 3777 Longo·

184 3840 352 3927 bardiam,
377 3857 542 3925 metuens,
566 3863 609 3908 ne
636 3840 822 3932 Principem
849 3864 887 3907 ex
915 3857 1010 3926 gente
1036 3859 1156 3907 nunno·

209 4161 249 4227 (l)
273 4159 330 4213 vid.
352 4164 454 4210 naara.
473 4157 493 4212 l.
512 4158 530 4210 l.
550 4171 577 4224 p.
595 4156 657 4208 345.
