2990 4966
745 388 766 498 'a

283 645 338 716 eui
357 660 524 740 praeerant
540 643 653 710 fratres
673 657 716 706 nr
735 653 900 705 aratura.
946 633 1151 702 Praetentura
1173 629 1252 715 suit,

279 795 398 882 Regem
421 816 455 860 se
475 789 565 882 nulla
585 813 621 857 re
644 811 719 875 erge
739 786 904 856 Austriam
924 781 1103 870 obligatum
1123 779 1254 865 baberi,

286 967 363 1010 eum
386 943 623 1024 instrumento,
645 960 714 1030 quo
731 935 939 1006 Sanctionem
956 930 1186 1018 Pragmatioam
1208 953 1258 998 ae·

280 1089 438 1182 aepisset,
460 1088 605 1180 apposita
619 1102 725 1154 essent
737 1085 852 1154 verba:
873 1083 979 1150 solvis
983 1082 1123 1169 juribus
1136 1083 1235 1148 tertii
1239 1107 1257 1163 ς,

280 1235 413 1328 illique,
447 1259 525 1340 eum
559 1234 739 1326 imperator
776 1228 913 1300 foederis
950 1227 1149 1317 articulum,
1186 1247 1255 1320 quo

221 1381 224 1391 ‘
281 1384 482 1478 promisisset
505 1406 540 1450 se
566 1383 733 1473 Principes
752 1379 886 1473 Imperii
906 1379 1091 1448 Germanici
1107 1377 1148 1445 ad
1168 1376 1251 1462 illud

277 1530 395 1611 ¹foedus
418 1530 679 1600 confirmandum
698 1529 959 1621 perducturum,
980 1528 1051 1596 sine
1072 1528 1188 1596 effectu
1208 1551 1255 1594 re·

283 1677 448 1770 liquisset,
470 1701 572 1770 aeque
594 1675 736 1744 liberum
759 1697 826 1743 esse
842 1675 998 1764 Reginam
1019 1676 1198 1762 Hungariae
1220 1694 1254 1742 et

284 1825 454 1894 bohemiae
478 1822 527 1894 vel
550 1822 678 1912 aggredi
699 1822 749 1894 vei
762 1847 934 1910 agnoscere
954 1823 1050 1892 nullis
1064 1823 1252 1894 omnimodo

280 1971 402 2042 violatis
429 1972 671 2064 sponsionibus.
717 1971 760 2040 Ut
784 1972 919 2040 Francia
943 1995 1053 2041 revera
1074 1973 1194 2064 primas
1218 1973 1253 2038 in

281 2117 368 2188 bello
392 2138 506 2190 souma
532 2120 697 2190 Austriam
722 2137 832 2213 partes
858 2121 1068 2207 sustinuerit,
1097 2121 1256 2214 Principi-

279 2268 362 2354 bus,
384 2290 472 2359 quos
495 2267 532 2332 in
557 2266 712 2354 Reginam
737 2267 918 2354 Huugariae
944 2270 1108 2338 concitare
1130 2267 1251 2338 labora·
1303 2325 1306 2332 .

279 2433 385 2503 verat,
413 2439 447 2482 se
470 2415 574 2484 sociae
599 2431 727 2484 tantum
751 2417 883 2484 nomine
907 2416 1054 2505 addidit,
1078 2419 1256 2512 copiasque·
1331 2507 1336 2516 x

280 2585 361 2655 quas
383 2563 520 2632 vocabat
540 2561 918 2660 auxiliariaspraestitit:
945 2588 1011 2632 non
1036 2566 1100 2632 nisi
1121 2591 1149 2633 a.
1172 2569 1255 2639 ttst

281 2709 405 2780 bellum
424 2709 557 2779 solemni
578 2710 682 2780 sorma
702 2710 791 2780 auiae
813 2713 988 2782 Viennensi
1010 2711 1195 2784 declaravit.

326 2857 478 2946 Illorum,
501 2861 562 2952 qui
585 2861 650 2928 sibi
668 2862 725 2948 jus
754 2863 791 2928 in
817 2861 1030 2932 hereditatem
1054 2863 1254 2932 dustriaeam

284 3009 497 3096 arrogabant,
510 3010 707 3102 praecipuus
718 3027 787 3078 erat
803 3029 950 3080 canotus
962 3023 1150 3099 ttettt'tts,
1164 3011 1258 3080 Elee-

283 3166 337 3223 tor
362 3155 543 3226 Banoriae.
597 3156 731 3246 Uxoris,
773 3183 856 3251 quae
881 3179 1016 3230 tostrnt
1041 3161 1058 3228 1
1093 3159 1158 3230 filia
1187 3179 1255 3230 erat
1328 3141 1330 3149 ᾗ

282 3322 361 3384 natu
383 3304 507 3392 minor,
526 3306 603 3392 jura
627 3330 705 3374 oum
724 3307 840 3395 majori
862 3307 975 3376 eedere
999 3308 1172 3395 deberent,
1193 3335 1256 3378 ma·

282 3453 346 3524 luit
374 3453 588 3525 hereditatem
617 3475 728 3549 petere
757 3476 912 3550 tanquam
946 3477 1037 3528 ortus
1072 3484 1112 3528 ex
1147 3480 1253 3546 aaut,

284 3601 350 3670 filia
377 3622 579 3672 annuntium
606 3604 621 3672 Ι
652 3605 872 3700 Imperatoris.
923 3607 1029 3697 Hujus
1057 3629 1167 3680 autem
1197 3630 1256 3680 tes·

282 3752 416 3819 tamenti
442 3751 629 3844 exemplum
655 3754 812 3846 protulit,
846 3756 1028 3826 seeundum
1056 3757 1149 3852 quod
1176 3758 1253 3828 defi·

281 3897 440 4001 eientibus
468 3902 603 3990 posteris
631 3905 808 3990 maseult's,
833 3904 899 3974 fitia
928 3909 999 3995 ejus
1028 3927 1107 3977 natu
1131 3909 1251 3997 major,

274 4041 446 4141 hujusque
473 4052 596 4142 posteri
630 4050 767 4119 heredes
800 4074 925 4142 essentg
960 4075 992 4126 et
1018 4059 1152 4149 insuper
1182 4082 1256 4127 eon·
