2990 4966
798 537 839 602 28

382 743 545 814 Haerere
568 743 723 811 cessiones
750 744 816 810 vim
847 742 978 835 plenam
1006 765 1072 812 uon
1104 749 1195 836 prius
1224 750 1305 816 obti-

337 896 482 980 nebunt,
505 915 604 986 quam
621 889 718 983 plane
740 891 926 960 satisfecerit
949 891 1016 959 Rex
1040 891 1203 962 Sardiniae
1225 895 1304 963 obii·

335 1044 473 1131 gationi,
497 1065 597 1134 quam
613 1041 837 1127 contraxisset,
861 1063 971 1108 causae
990 1040 1229 1110 foederatorum
1249 1043 1302 1110 ad·

332 1191 490 1260 haerendi
516 1213 622 1283 usqne
646 1187 687 1256 ad
711 1213 828 1282 pacem
854 1189 890 1255 in
919 1190 1083 1257 Germania
1109 1191 1299 1260 restitutam.

331 1342 407 1409 Art.
430 1344 477 1408 12

376 1483 479 1557 Simul
500 1501 599 1578 atque
620 1481 710 1552 Italia
729 1483 821 1552 horte
834 1463 971 1570 vacarit,
992 1509 1053 1554 nec
1066 1484 1151 1554 bello
1163 1486 1300 1580 amplius

330 1633 550 1726 periclitatura
579 1632 660 1715 erit,
693 1631 831 1716 Reginae
862 1632 1042 1720 Hungcriae
1076 1659 1144 1701 non
1174 1653 1300 1703 tantum

330 1780 441 1854 licebit
461 1795 587 1871 partem
608 1779 776 1869 copiarum
795 1802 835 1844 ex
853 1751 944 1846 Italia
960 1779 1138 1868 reducere,
1157 1781 1214 1849 sed
1227 1784 1298 1874 ipsa

327 1928 514 2020 requirente
535 1926 604 1992 Rex
628 1925 794 1994 Sardiniae
816 1949 889 1994 suas
912 1927 1088 2019 praestabit
1110 1929 1152 1996 ad
1175 1929 1299 2018 Longo·

327 2073 473 2143 budiam
500 2073 673 2161 tuendam,
702 2077 753 2143 itu
780 2085 820 2142 ut
842 2074 978 2166 Regina
1005 2077 1130 2166 majon‘
1155 2080 1297 2146 militum

253 2216 259 2224 ’
327 2247 460 2292 numeru
485 2227 525 2290 iu
554 2221 737 2292 Germanic
757 2227 811 2290 uti
825 2227 945 2315 poscit.
990 2224 1066 2292 Art.
1098 2226 1147 2294 13.

371 2373 421 2440 Ex
441 2389 515 2440 crtt.
540 2374 562 2438 2
582 2388 615 2438 et
639 2375 678 2440 13
703 2371 769 2438 Rex
793 2370 979 2458 Bcrussioe,
1007 2373 1064 2466 qui
1093 2373 1158 2441 hoc
1182 2373 1295 2441 foedus

326 2536 535 2606 cognouerat,
558 2515 717 2604 coniecit,
741 2541 819 2588 cum
835 2518 955 2606 Regina
977 2543 1053 2587 cum
1075 2520 1211 2590 Saxonia
1231 2521 1294 2588 fce-

324 2668 433 2736 derata
452 2684 533 2734 esset
551 2684 584 2734 et
602 2666 767 2734 Bavariem
781 2666 1004 2759 profligasset,
1022 2691 1056 2735 se
1073 2693 1140 2736 uon
1153 2669 1292 2762 amplius

323 2819 386 2885 sub
412 2841 492 2909 pace
514 2813 749 2884 Vratislavieusi
776 2833 885 2883 tutum
912 2839 979 2883 esse
1004 2835 1036 2884 et
1057 2841 1179 2886 novum
1199 2846 1218 2886 a
1238 2819 1296 2886 Re·
1431 2870 1434 2874 .

324 2968 398 3054 gina
418 2965 460 3032 ad
481 2963 624 3034 Silesiam
649 2962 907 3056 recuperandam
935 2963 1059 3032 bellum
1084 2969 1203 3058 parari.

368 3112 494 3178 Interea
525 3109 653 3178 Elector
679 3109 828 3177 Bavariae
852 3109 886 3177 d.
913 3114 955 3178 24
980 3137 1024 3178 m·
1050 3112 1124 3180 Jau.
1149 3139 1178 3182 a.
1205 3117 1295 3185 1742

323 3256 528 3324 Franccfurti
551 3257 728 3348 Imperator
750 3256 870 3325 electus
886 3276 956 3344 est,
982 3278 1057 3328 octo
1078 3279 1205 3330 tantum
1224 3263 1293 3332 Ele-

325 3424 454 3476 ctorem
462 3404 637 3492 suffragiis,
649 3430 727 3474 cum
735 3405 887 3473 Bchemia
897 3430 964 3474 uon
973 3406 1071 3475 suerit
1084 3409 1244 3503 admissa(
1264 3413 1289 3504 ).

324 3555 367 3622 At
397 3554 573 3620 miserrima
600 3551 719 3622 deiude
745 3579 823 3622 usus
853 3573 902 3624 est
937 3555 1143 3628 conditionea
1183 3561 1293 3652 copiae

327 3703 509 3770 duatriacae
527 3701 608 3769 dum
627 3719 727 3769 totam
746 3705 951 3795 occupabant
964 3705 1146 3794 Bavariam,
1170 3707 1291 3778 discor·

324 3853 375 3920 dia
408 3851 562 3939 regnabat
586 3852 671 3918 inter
699 3850 798 3920 duces
820 3852 992 3922 Francicus
1015 3874 1048 3924 et
1071 3858 1289 3944 Bavarienses‚

352 4165 393 4232 (ι)
418 4167 449 4216 v.
468 4184 490 4220 ι.
508 4184 535 4234 p.
557 4168 598 4217 te.
