2990 4966
667 545 708 614 tt

198 753 396 819 eiscerentur
430 751 627 842 participem
658 748 752 816 illum
787 751 866 818 fore.
911 753 1002 818 Aru.
1036 755 1107 820 ‘let
1136 761 1168 821 8.

198 901 275 986 Regi
306 897 454 967 Poloniae
487 897 592 967 ultimi
624 897 725 984 hujus
761 895 889 965 articuli
909 896 1079 991 dispositio
1102 923 1169 968 non

196 1047 354 1140 placebat.
409 1048 451 1116 Ut
473 1065 581 1115 autem
609 1045 650 1112 ad
679 1046 920 1114 commutandas
945 1048 1172 1116 ratificationes

198 1200 438 1295 procederent,
462 1200 648 1267 administer
671 1201 741 1286 ejus
770 1175 1020 1267 declarationem
1046 1199 1168 1281 edidit,

197 1350 337 1434 Regem,
361 1372 404 1414 ne
434 1371 528 1414 causa
555 1346 794 1416 foederatorum
821 1371 910 1414 mora
939 1346 1172 1415 detrimentum

198 1514 345 1588 caperet,
358 1493 601 1563 commutandas
612 1494 839 1562 ratificationes
849 1492 1043 1578 concedere,
1060 1519 1172 1588 quam·

198 1642 245 1710 vis
274 1640 464 1710 declarasset
486 1643 587 1710 trium
610 1640 757 1710 aularum
784 1642 1002 1728 administris,
1031 1666 1065 1710 se
1087 1640 1170 1710 illud

199 1814 266 1857 non
293 1808 369 1859 ante
392 1793 630 1882 permissurum
656 1815 757 1884 quam
783 1793 904 1878 Regina
923 1793 1102 1879 Hungariae
1120 1816 1173 1860 ex·

198 1936 406 2029 plicationem
429 1937 571 2006 dedisset
595 1937 724 2006 articuli
753 1944 773 2004 8
801 1936 843 2005 de
866 1955 959 2031 parte
983 1964 1081 2030 quam
1103 1939 1173 2006 liex

196 2102 484 2176 consequereretur
514 2086 757 2176 provinciarum
791 2086 879 2154 hosti
911 2089 1078 2154 communi
1106 2085 1171 2153 adi·

200 2231 401 2300 mendarum.

240 2382 352 2448 Russia
379 2398 411 2448 et
439 2377 569 2448 Polcnia
598 2392 660 2446 art⁰
693 2379 951 2463 tornicantur,
983 2395 1022 2444 ut
1048 2375 1171 2446 foederi

196 2548 356 2622 tanquam
379 2545 487 2621 partes
515 2525 714 2620 principales
737 2525 891 2596 accedere
914 2524 1026 2594 velint.

244 2677 437 2766 Sequuntur
467 2693 531 2740 tres
562 2672 693 2741 articuli
720 2677 835 2742 secreti
869 2692 902 2741 ct
936 2678 1094 2764 separati,
1130 2678 1170 2741 ab
1224 2757 1228 2766 ³

199 2823 380 2894 Ordinibus
403 2821 509 2892 alieni.

225 2970 355 3039 Elector
382 2961 536 3040 Senoniae
554 2966 694 3061 spondet
708 2991 742 3034 se
760 2965 878 3053 legatos
897 2990 970 3034 suus
987 2965 1029 3034 ad
1051 2965 1171 3038 dietant

201 3123 335 3215 imperii
364 3123 406 3188 ita
435 3119 594 3188 mandatis
621 3120 877 3203 instructurum,
909 3134 947 3184 ut
975 3115 1071 3208 plane
1098 3141 1173 3184 con-

108 3271 120 3284 '
198 3272 313 3341 cordes
339 3297 416 3341 cum
442 3269 553 3358 legatis
575 3265 967 3354 beureriae-Luneburgi
984 3284 1017 3335 et
1036 3265 1173 3354 Reginae

200 3440 349 3510 agerent3
388 3423 510 3515 quibus
549 3419 825 3488 consentientibus
859 3441 936 3486 cum
968 3415 1171 3522 Electoribus

198 3571 452 3656 Ecclesiasticis,
476 3594 528 3656 se,
552 3568 754 3654 Electorem,
778 3564 1035 3634 deliberaturum
1050 3564 1092 3633 de
1115 3590 1172 3658 op·

200 3720 286 3786 timis
313 3717 418 3788 modis
443 3720 560 3813 qnietis
586 3717 771 3786 Germaniae
798 3713 1015 3783 restituendae
1041 3731 1073 3780 et
1099 3737 1173 3781 con·

199 3867 379 3935 stitutionis
398 3868 533 3960 Imperii
554 3865 804 3936 confirmandae.
852 3866 938 3950 Quae
956 3858 1172 3964 cum'indica·

199 4033 291 4101 rent,
315 4014 496 4084 illectorem
515 4041 548 4086 se
565 4019 766 4103 obstringere
787 4013 830 4081 ad
845 4007 1051 4080 deserendam
1070 4006 1173 4094 digni-

197 4183 296 4235 tatem
320 4165 565 4258 Imperatoriam
586 4167 630 4234 Μ.
648 4167 732 4234 Duci
751 4165 917 4250 lltrnriae,
940 4176 1173 4254 postmortem
