2990 4966
695 519 733 580 tt

229 717 307 786 fines
335 717 377 784 ad
407 716 615 786 rebellionem
643 721 832 790 concitatos.
878 721 997 808 Regina
1025 721 1204 812 Hnugarine

230 889 341 934 rursus
371 867 408 934 in
435 869 644 960 responsione
668 866 702 935 d.
733 870 772 938 18
800 893 844 936 m.
872 868 950 957 Maji
969 829 1049 956 Regi
1071 869 1202 959 retulit,

227 1011 321 1082 illum
344 1012 456 1082 foedus
478 1017 623 1108 rupisse,
645 1040 714 1110 quo
738 1017 945 1088 Sanctionem
971 1019 1203 1108 Pragmaticatu

229 1163 459 1252 fidejussisset,
491 1165 597 1233 aulam
620 1165 881 1235 Ottomannicam
894 1169 929 1234 in
948 1169 1101 1257 Reginam
1125 1171 1205 1238 inci·

231 1331 329 1398 tasse,
352 1311 474 1381 bellum
496 1315 829 1382 Saevino-Russieum
852 1317 1033 1403 instigasse,
1055 1318 1204 1402 Regnum

232 1460 440 1528 Austriacum
463 1485 527 1553 pro
548 1486 605 1528 sna
626 1462 791 1532 voluntate
814 1463 983 1552 dividisse,
1006 1465 1202 1558 Imperium,

232 1601 415 1702 Europam,
450 1628 555 1680 totum
583 1610 727 1704 deniqne
753 1614 866 1680 orbem
894 1612 1115 1682 Christianum
1138 1632 1206 1682 tnr-

230 1761 340 1828 basset
373 1779 405 1828 et
431 1761 511 1829 haec
542 1761 677 1854 quidem
698 1764 760 1830 sub
785 1763 893 1855 specie
921 1763 1148 1832 moderationis
1173 1781 1205 1831 et

232 1911 407 1994 amicitiae3
438 1909 555 1976 aulam
591 1935 692 2002 porro
727 1911 916 1980 Francicam
950 1937 1033 2004 quae
1068 1909 1206 2006 pacifica
1243 1925 1245 1928 ’

232 2081 415 2148 proponere
445 2057 549 2126 videri
577 2058 728 2127 voluisset
750 2083 863 2126 rursus
890 2063 1073 2147 retraxisse,
1101 2063 1207 2130 sociis-

229 2232 307 2298 que·
337 2207 475 2292 Reginae
512 2207 708 2274 Germanicis
746 2207 815 2274 aliis
854 2209 1002 2276 timorem
1035 2210 1205 2295 injecisse,

233 2355 300 2424 aliis
328 2357 457 2444 majoris
483 2357 636 2424 territorii
660 2381 752 2449 spem
783 2354 927 2442 dedisse,
949 2373 987 2422 ut
1009 2356 1054 2423 ita
1082 2357 1207 2424 Germa·

234 2507 320 2572 niam
351 2530 412 2597 per
444 2506 647 2574 Germaniam
677 2508 829 2598 potestati
856 2525 1039 2575 suanorum
1068 2508 1206 2596 subjice·

234 2673 303 2722 ret:
330 2679 424 2744 ¹quae
459 2657 586 2738 omnia,
620 2657 685 2720 nisi
711 2656 847 2721 Francia
876 2656 948 2740 jam
974 2657 1204 2745 praevenisset,

232 2801 387 2887 Reginam
409 2797 450 2865 ad
472 2799 597 2866 bellum
613 2799 844 2868 declarandum
865 2817 1015 2868 coactura
1036 2802 1183 2869 fuissent.

279 2945 402 3014 Eodem
427 2966 573 3040 tempore
592 2949 661 3016 Rex
683 2947 849 3016 Borussiae
868 2949 987 3016 iterum
1005 2973 1092 3015 arma
1107 2939 1205 3042 cepit.

231 3095 424 3183 iudicabat,
446 3120 480 3166 se
503 3069 695 3189 Imperatori
718 3114 875 3189 tanquam
896 3121 1024 3166 summo
1049 3098 1203 3190 Imperii,

236 3249 330 3336 cujas
356 3272 429 3340 pars
456 3265 554 3332 esset,
577 3247 745 3341 praefecto
758 3245 874 3315 debere
891 3271 1100 3336 succurrere,
1122 3274 1209 3316 eum·

236 3423 302 3492 que
333 3399 418 3466 tueri
445 3425 463 3466 a
493 3399 683 3490 perniciosis
714 3399 850 3486 Reginae
882 3398 1061 3487 Hungariae
1092 3400 1209 3494 conati·

232 3551 316 3635 bus,
348 3571 432 3640 quae
457 3569 497 3615 eo
522 3546 616 3614 illum
643 3548 771 3635 adigere
804 3547 917 3636 vellet,
950 3568 988 3618 ut
1015 3548 1207 3636 dignitatem

232 3695 476 3788 imperatoriam
511 3693 677 3766 abdicaret
714 3696 774 3788 (l).
830 3695 913 3764 Tum
947 3698 1044 3764 etiam
1081 3697 1207 3782 insigne

230 3869 299 3880 -ν
503 3869 547 3879 ¹·—

254 3964 294 4032 (l)
328 3967 418 4016 laura
440 3982 568 4017 rurum
585 3933 782 4018 instrumentum
803 3966 947 4032 leguntius
971 3966 997 4015 in
1020 3963 1124 4032 Imperii
1148 3965 1213 4016 Ger·

324 4065 418 4115 manici
444 4065 580 4116 (lodicibus
596 4066 782 4116 conficiendum
807 4069 957 4126 curaverat,
977 4078 1028 4128 qno
1051 4079 1146 4138 crtum
1164 4066 1213 4116 vn

325 4162 477 4212 electionem
499 4163 654 4227 illegitimam
673 4165 824 4214 declararet.
